{"10/31/2022-9:18":{"raw":{"buys":[{"makerOrderId":"635fd3e0c4c3e100013ad7d3","price":"0.9133","sequence":"426169443307521","side":"buy","size":"2.5232","symbol":"MATIC-USDT","takerOrderId":"635ff5545f52390001d14ad6","time":"1667233108782000000","tradeId":"426169443307521","type":"match","timestamp":1667233108782},{"makerOrderId":"635fd42a04b71f0001d140a3","price":"0.9133","sequence":"426169443307524","side":"buy","size":"0.4794","symbol":"MATIC-USDT","takerOrderId":"635ff5545f52390001d14ad6","time":"1667233108782000000","tradeId":"426169443307524","type":"match","timestamp":1667233108782},{"makerOrderId":"635fd42caf92870001071457","price":"0.9133","sequence":"426169443307527","side":"buy","size":"3.7736","symbol":"MATIC-USDT","takerOrderId":"635ff5545f52390001d14ad6","time":"1667233108782000000","tradeId":"426169443307527","type":"match","timestamp":1667233108782},{"makerOrderId":"635fd4515f523900017dba0b","price":"0.9133","sequence":"426169443307530","side":"buy","size":"0.308","symbol":"MATIC-USDT","takerOrderId":"635ff5545f52390001d14ad6","time":"1667233108782000000","tradeId":"426169443307530","type":"match","timestamp":1667233108782},{"makerOrderId":"635fd4530da4410001c493d6","price":"0.9133","sequence":"426169443307533","side":"buy","size":"2.8345","symbol":"MATIC-USDT","takerOrderId":"635ff5545f52390001d14ad6","time":"1667233108782000000","tradeId":"426169443307533","type":"match","timestamp":1667233108782},{"makerOrderId":"635fd453c4c3e100013c7c83","price":"0.9133","sequence":"426169443307536","side":"buy","size":"0.3683","symbol":"MATIC-USDT","takerOrderId":"635ff5545f52390001d14ad6","time":"1667233108782000000","tradeId":"426169443307536","type":"match","timestamp":1667233108782},{"makerOrderId":"635fd453ec417e000168f747","price":"0.9133","sequence":"426169443307539","side":"buy","size":"0.7428","symbol":"MATIC-USDT","takerOrderId":"635ff5545f52390001d14ad6","time":"1667233108782000000","tradeId":"426169443307539","type":"match","timestamp":1667233108782},{"makerOrderId":"635fd453a3b87800018c5cad","price":"0.9133","sequence":"426169443307542","side":"buy","size":"18.7239","symbol":"MATIC-USDT","takerOrderId":"635ff5545f52390001d14ad6","time":"1667233108782000000","tradeId":"426169443307542","type":"match","timestamp":1667233108782},{"makerOrderId":"635fd453ec417e000168f833","price":"0.9133","sequence":"426169443307545","side":"buy","size":"1.5088","symbol":"MATIC-USDT","takerOrderId":"635ff5545f52390001d14ad6","time":"1667233108782000000","tradeId":"426169443307545","type":"match","timestamp":1667233108782},{"makerOrderId":"635fd453af92870001079932","price":"0.9133","sequence":"426169443307548","side":"buy","size":"0.3228","symbol":"MATIC-USDT","takerOrderId":"635ff5545f52390001d14ad6","time":"1667233108782000000","tradeId":"426169443307548","type":"match","timestamp":1667233108782},{"makerOrderId":"635fd4558b4ee20001d0ce9f","price":"0.9133","sequence":"426169443307551","side":"buy","size":"34.1106","symbol":"MATIC-USDT","takerOrderId":"635ff5545f52390001d14ad6","time":"1667233108782000000","tradeId":"426169443307551","type":"match","timestamp":1667233108782},{"makerOrderId":"635fd4558b4ee20001d0ce9f","price":"0.9133","sequence":"426175315202049","side":"buy","size":"33.7507","symbol":"MATIC-USDT","takerOrderId":"635ff56afe97f30001ac6c4d","time":"1667233130823000000","tradeId":"426175315202049","type":"match","timestamp":1667233130823},{"makerOrderId":"635fd4718bcb0f0001ec1585","price":"0.9133","sequence":"426175315202052","side":"buy","size":"1.4878","symbol":"MATIC-USDT","takerOrderId":"635ff56afe97f30001ac6c4d","time":"1667233130823000000","tradeId":"426175315202052","type":"match","timestamp":1667233130823},{"makerOrderId":"635fd4713b4e690001ea852c","price":"0.9133","sequence":"426175315202055","side":"buy","size":"0.3411","symbol":"MATIC-USDT","takerOrderId":"635ff56afe97f30001ac6c4d","time":"1667233130823000000","tradeId":"426175315202055","type":"match","timestamp":1667233130823},{"makerOrderId":"635fd486b791bc0001acd6af","price":"0.9133","sequence":"426175315202058","side":"buy","size":"0.2716","symbol":"MATIC-USDT","takerOrderId":"635ff56afe97f30001ac6c4d","time":"1667233130823000000","tradeId":"426175315202058","type":"match","timestamp":1667233130823},{"makerOrderId":"635fd48eaf92870001085059","price":"0.9133","sequence":"426175315202061","side":"buy","size":"0.8691","symbol":"MATIC-USDT","takerOrderId":"635ff56afe97f30001ac6c4d","time":"1667233130823000000","tradeId":"426175315202061","type":"match","timestamp":1667233130823},{"makerOrderId":"635fd497c4c3e100013d5c77","price":"0.9133","sequence":"426175315202064","side":"buy","size":"0.3148","symbol":"MATIC-USDT","takerOrderId":"635ff56afe97f30001ac6c4d","time":"1667233130823000000","tradeId":"426175315202064","type":"match","timestamp":1667233130823},{"makerOrderId":"635fd49b1280c200011025d7","price":"0.9133","sequence":"426175315202067","side":"buy","size":"18.8381","symbol":"MATIC-USDT","takerOrderId":"635ff56afe97f30001ac6c4d","time":"1667233130823000000","tradeId":"426175315202067","type":"match","timestamp":1667233130823},{"makerOrderId":"635fd4a03b4e690001eb2774","price":"0.9133","sequence":"426175315202070","side":"buy","size":"0.6454","symbol":"MATIC-USDT","takerOrderId":"635ff56afe97f30001ac6c4d","time":"1667233130823000000","tradeId":"426175315202070","type":"match","timestamp":1667233130823},{"makerOrderId":"635fd4b93b4e690001eb9c99","price":"0.9133","sequence":"426175315202073","side":"buy","size":"1.3443","symbol":"MATIC-USDT","takerOrderId":"635ff56afe97f30001ac6c4d","time":"1667233130823000000","tradeId":"426175315202073","type":"match","timestamp":1667233130823},{"makerOrderId":"635fd4bba3b87800018ddbfe","price":"0.9133","sequence":"426175315202076","side":"buy","size":"1.6779","symbol":"MATIC-USDT","takerOrderId":"635ff56afe97f30001ac6c4d","time":"1667233130823000000","tradeId":"426175315202076","type":"match","timestamp":1667233130823},{"makerOrderId":"635ff53d53b87b00010f7141","price":"0.9133","sequence":"426175315202079","side":"buy","size":"0.5261","symbol":"MATIC-USDT","takerOrderId":"635ff56afe97f30001ac6c4d","time":"1667233130823000000","tradeId":"426175315202079","type":"match","timestamp":1667233130823},{"makerOrderId":"635fd3ef6a9dcb000180acd5","price":"0.9134","sequence":"426175355441153","side":"buy","size":"3.2916","symbol":"MATIC-USDT","takerOrderId":"635ff56a4a44700f4c4d109c","time":"1667233130899000000","tradeId":"426175355441153","type":"match","timestamp":1667233130899},{"makerOrderId":"635fd3ffb791bc0001ab180e","price":"0.9134","sequence":"426175355441156","side":"buy","size":"12.2607","symbol":"MATIC-USDT","takerOrderId":"635ff56a4a44700f4c4d109c","time":"1667233130899000000","tradeId":"426175355441156","type":"match","timestamp":1667233130899},{"makerOrderId":"635fd4004bb4cc00012b8b53","price":"0.9134","sequence":"426175355441159","side":"buy","size":"1.499","symbol":"MATIC-USDT","takerOrderId":"635ff56a4a44700f4c4d109c","time":"1667233130899000000","tradeId":"426175355441159","type":"match","timestamp":1667233130899},{"makerOrderId":"635fd4018b4ee20001cfaf5a","price":"0.9134","sequence":"426175355441162","side":"buy","size":"3.6877","symbol":"MATIC-USDT","takerOrderId":"635ff56a4a44700f4c4d109c","time":"1667233130899000000","tradeId":"426175355441162","type":"match","timestamp":1667233130899},{"makerOrderId":"635fd402929949000110dc25","price":"0.9134","sequence":"426175355441165","side":"buy","size":"6.2591","symbol":"MATIC-USDT","takerOrderId":"635ff56a4a44700f4c4d109c","time":"1667233130899000000","tradeId":"426175355441165","type":"match","timestamp":1667233130899},{"makerOrderId":"635fd416a3b87800018b92d6","price":"0.9134","sequence":"426175355441168","side":"buy","size":"1.2984","symbol":"MATIC-USDT","takerOrderId":"635ff56a4a44700f4c4d109c","time":"1667233130899000000","tradeId":"426175355441168","type":"match","timestamp":1667233130899},{"makerOrderId":"635fd451b791bc0001ac2a58","price":"0.9134","sequence":"426175355441171","side":"buy","size":"7.3751","symbol":"MATIC-USDT","takerOrderId":"635ff56a4a44700f4c4d109c","time":"1667233130899000000","tradeId":"426175355441171","type":"match","timestamp":1667233130899},{"makerOrderId":"635fd4513b4e690001ea19dc","price":"0.9134","sequence":"426175355441174","side":"buy","size":"0.3498","symbol":"MATIC-USDT","takerOrderId":"635ff56a4a44700f4c4d109c","time":"1667233130899000000","tradeId":"426175355441174","type":"match","timestamp":1667233130899},{"makerOrderId":"635fd4521280c200010f310c","price":"0.9134","sequence":"426175355441177","side":"buy","size":"2.3537","symbol":"MATIC-USDT","takerOrderId":"635ff56a4a44700f4c4d109c","time":"1667233130899000000","tradeId":"426175355441177","type":"match","timestamp":1667233130899},{"makerOrderId":"635fd4526a9dcb000182106f","price":"0.9134","sequence":"426175355441180","side":"buy","size":"2.6709","symbol":"MATIC-USDT","takerOrderId":"635ff56a4a44700f4c4d109c","time":"1667233130899000000","tradeId":"426175355441180","type":"match","timestamp":1667233130899},{"makerOrderId":"635fd4533b4e690001ea23d5","price":"0.9134","sequence":"426175355441183","side":"buy","size":"2.9475","symbol":"MATIC-USDT","takerOrderId":"635ff56a4a44700f4c4d109c","time":"1667233130899000000","tradeId":"426175355441183","type":"match","timestamp":1667233130899},{"makerOrderId":"635fd453a3b87800018c5ddc","price":"0.9134","sequence":"426175355441186","side":"buy","size":"0.1817","symbol":"MATIC-USDT","takerOrderId":"635ff56a4a44700f4c4d109c","time":"1667233130899000000","tradeId":"426175355441186","type":"match","timestamp":1667233130899},{"makerOrderId":"635fd4868b4ee20001d1674f","price":"0.9134","sequence":"426175355441189","side":"buy","size":"1.5848","symbol":"MATIC-USDT","takerOrderId":"635ff56a4a44700f4c4d109c","time":"1667233130899000000","tradeId":"426175355441189","type":"match","timestamp":1667233130899},{"makerOrderId":"635fd4988bcb0f0001ec97b3","price":"0.9134","sequence":"426175355441192","side":"buy","size":"0.5922","symbol":"MATIC-USDT","takerOrderId":"635ff56a4a44700f4c4d109c","time":"1667233130899000000","tradeId":"426175355441192","type":"match","timestamp":1667233130899},{"makerOrderId":"635fd49f6a9dcb0001831678","price":"0.9134","sequence":"426175355441195","side":"buy","size":"1.7114","symbol":"MATIC-USDT","takerOrderId":"635ff56a4a44700f4c4d109c","time":"1667233130899000000","tradeId":"426175355441195","type":"match","timestamp":1667233130899},{"makerOrderId":"635fd4bfa3b87800018deee7","price":"0.9134","sequence":"426175355441198","side":"buy","size":"2.3575","symbol":"MATIC-USDT","takerOrderId":"635ff56a4a44700f4c4d109c","time":"1667233130899000000","tradeId":"426175355441198","type":"match","timestamp":1667233130899},{"makerOrderId":"635fd3eec4c3e100013b1244","price":"0.9135","sequence":"426175570792449","side":"buy","size":"0.9641","symbol":"MATIC-USDT","takerOrderId":"635ff56b768c1d0f4ccb9231","time":"1667233131558000000","tradeId":"426175570792449","type":"match","timestamp":1667233131558},{"makerOrderId":"635fd3efaf92870001062ecb","price":"0.9135","sequence":"426175570792452","side":"buy","size":"7.0333","symbol":"MATIC-USDT","takerOrderId":"635ff56b768c1d0f4ccb9231","time":"1667233131558000000","tradeId":"426175570792452","type":"match","timestamp":1667233131558},{"makerOrderId":"635fd4198b4ee20001d00701","price":"0.9135","sequence":"426175570792455","side":"buy","size":"0.2496","symbol":"MATIC-USDT","takerOrderId":"635ff56b768c1d0f4ccb9231","time":"1667233131558000000","tradeId":"426175570792455","type":"match","timestamp":1667233131558},{"makerOrderId":"635fd41baf9287000106dad3","price":"0.9135","sequence":"426175570792458","side":"buy","size":"2.609","symbol":"MATIC-USDT","takerOrderId":"635ff56b768c1d0f4ccb9231","time":"1667233131558000000","tradeId":"426175570792458","type":"match","timestamp":1667233131558},{"makerOrderId":"635fd41bdd05480001febfd9","price":"0.9135","sequence":"426175570792461","side":"buy","size":"0.5644","symbol":"MATIC-USDT","takerOrderId":"635ff56b768c1d0f4ccb9231","time":"1667233131558000000","tradeId":"426175570792461","type":"match","timestamp":1667233131558},{"makerOrderId":"635fd41bc4c3e100013bc591","price":"0.9135","sequence":"426175570792464","side":"buy","size":"3.5436","symbol":"MATIC-USDT","takerOrderId":"635ff56b768c1d0f4ccb9231","time":"1667233131558000000","tradeId":"426175570792464","type":"match","timestamp":1667233131558},{"makerOrderId":"635fd452a3b87800018c574d","price":"0.9135","sequence":"426175570792467","side":"buy","size":"3.9424","symbol":"MATIC-USDT","takerOrderId":"635ff56b768c1d0f4ccb9231","time":"1667233131558000000","tradeId":"426175570792467","type":"match","timestamp":1667233131558},{"makerOrderId":"635fd4528d0e7a000198a705","price":"0.9135","sequence":"426175570792470","side":"buy","size":"0.2831","symbol":"MATIC-USDT","takerOrderId":"635ff56b768c1d0f4ccb9231","time":"1667233131558000000","tradeId":"426175570792470","type":"match","timestamp":1667233131558},{"makerOrderId":"635fd453a3b87800018c5b17","price":"0.9135","sequence":"426175570792473","side":"buy","size":"0.201","symbol":"MATIC-USDT","takerOrderId":"635ff56b768c1d0f4ccb9231","time":"1667233131558000000","tradeId":"426175570792473","type":"match","timestamp":1667233131558},{"makerOrderId":"635fd453fe97f3000158ae4a","price":"0.9135","sequence":"426175570792476","side":"buy","size":"5.5048","symbol":"MATIC-USDT","takerOrderId":"635ff56b768c1d0f4ccb9231","time":"1667233131558000000","tradeId":"426175570792476","type":"match","timestamp":1667233131558},{"makerOrderId":"635fd4918bcb0f0001ec7ae8","price":"0.9135","sequence":"426175570792479","side":"buy","size":"0.5088","symbol":"MATIC-USDT","takerOrderId":"635ff56b768c1d0f4ccb9231","time":"1667233131558000000","tradeId":"426175570792479","type":"match","timestamp":1667233131558},{"makerOrderId":"635fd4b9a3b87800018dd0a7","price":"0.9135","sequence":"426175570792482","side":"buy","size":"2.1956","symbol":"MATIC-USDT","takerOrderId":"635ff56b768c1d0f4ccb9231","time":"1667233131558000000","tradeId":"426175570792482","type":"match","timestamp":1667233131558},{"makerOrderId":"635fd52fdd05480001032dbc","price":"0.9135","sequence":"426175570792485","side":"buy","size":"0.9397","symbol":"MATIC-USDT","takerOrderId":"635ff56b768c1d0f4ccb9231","time":"1667233131558000000","tradeId":"426175570792485","type":"match","timestamp":1667233131558},{"makerOrderId":"635fd73fdd0548000109ff01","price":"0.9135","sequence":"426175570792488","side":"buy","size":"6.337","symbol":"MATIC-USDT","takerOrderId":"635ff56b768c1d0f4ccb9231","time":"1667233131558000000","tradeId":"426175570792488","type":"match","timestamp":1667233131558},{"makerOrderId":"635fd41604b71f0001d0fb2b","price":"0.9136","sequence":"426175602118657","side":"buy","size":"2.529","symbol":"MATIC-USDT","takerOrderId":"635ff56bcb6be20f4a2da5ce","time":"1667233131594000000","tradeId":"426175602118657","type":"match","timestamp":1667233131594},{"makerOrderId":"635fd416fe97f3000157e2d3","price":"0.9136","sequence":"426175602118660","side":"buy","size":"1.3867","symbol":"MATIC-USDT","takerOrderId":"635ff56bcb6be20f4a2da5ce","time":"1667233131594000000","tradeId":"426175602118660","type":"match","timestamp":1667233131594},{"makerOrderId":"635fd4169299490001112254","price":"0.9136","sequence":"426175602118663","side":"buy","size":"0.2725","symbol":"MATIC-USDT","takerOrderId":"635ff56bcb6be20f4a2da5ce","time":"1667233131594000000","tradeId":"426175602118663","type":"match","timestamp":1667233131594},{"makerOrderId":"635fd416ec417e0001682b4b","price":"0.9136","sequence":"426175602118666","side":"buy","size":"0.9115","symbol":"MATIC-USDT","takerOrderId":"635ff56bcb6be20f4a2da5ce","time":"1667233131594000000","tradeId":"426175602118666","type":"match","timestamp":1667233131594},{"makerOrderId":"635fd451dd05480001ff7011","price":"0.9136","sequence":"426175602118669","side":"buy","size":"2.2102","symbol":"MATIC-USDT","takerOrderId":"635ff56bcb6be20f4a2da5ce","time":"1667233131594000000","tradeId":"426175602118669","type":"match","timestamp":1667233131594},{"makerOrderId":"635fd4758d0e7a00019918d2","price":"0.9136","sequence":"426175602118672","side":"buy","size":"13.7748","symbol":"MATIC-USDT","takerOrderId":"635ff56bcb6be20f4a2da5ce","time":"1667233131594000000","tradeId":"426175602118672","type":"match","timestamp":1667233131594},{"makerOrderId":"635fd4864bb4cc00012d48b1","price":"0.9136","sequence":"426175602118675","side":"buy","size":"1.1444","symbol":"MATIC-USDT","takerOrderId":"635ff56bcb6be20f4a2da5ce","time":"1667233131594000000","tradeId":"426175602118675","type":"match","timestamp":1667233131594},{"makerOrderId":"635fd486b791bc0001acd6ad","price":"0.9136","sequence":"426175602118678","side":"buy","size":"21.2167","symbol":"MATIC-USDT","takerOrderId":"635ff56bcb6be20f4a2da5ce","time":"1667233131594000000","tradeId":"426175602118678","type":"match","timestamp":1667233131594},{"makerOrderId":"635fd48e04b71f0001d28300","price":"0.9136","sequence":"426175602118681","side":"buy","size":"2.8712","symbol":"MATIC-USDT","takerOrderId":"635ff56bcb6be20f4a2da5ce","time":"1667233131594000000","tradeId":"426175602118681","type":"match","timestamp":1667233131594},{"makerOrderId":"635fd4b853b87b0001bda211","price":"0.9136","sequence":"426175602118684","side":"buy","size":"1.589","symbol":"MATIC-USDT","takerOrderId":"635ff56bcb6be20f4a2da5ce","time":"1667233131594000000","tradeId":"426175602118684","type":"match","timestamp":1667233131594},{"makerOrderId":"635fd4b85f523900017f3369","price":"0.9136","sequence":"426175602118687","side":"buy","size":"0.6171","symbol":"MATIC-USDT","takerOrderId":"635ff56bcb6be20f4a2da5ce","time":"1667233131594000000","tradeId":"426175602118687","type":"match","timestamp":1667233131594},{"makerOrderId":"635fd4b9a3b87800018dd306","price":"0.9136","sequence":"426175602118690","side":"buy","size":"0.6178","symbol":"MATIC-USDT","takerOrderId":"635ff56bcb6be20f4a2da5ce","time":"1667233131594000000","tradeId":"426175602118690","type":"match","timestamp":1667233131594},{"makerOrderId":"635fd7443b4e690001f4b568","price":"0.9136","sequence":"426175602118693","side":"buy","size":"1.0113","symbol":"MATIC-USDT","takerOrderId":"635ff56bcb6be20f4a2da5ce","time":"1667233131594000000","tradeId":"426175602118693","type":"match","timestamp":1667233131594},{"makerOrderId":"635ff56b8bcb0f00013f6ab0","price":"0.9136","sequence":"426175602118696","side":"buy","size":"0.5259","symbol":"MATIC-USDT","takerOrderId":"635ff56bcb6be20f4a2da5ce","time":"1667233131594000000","tradeId":"426175602118696","type":"match","timestamp":1667233131594},{"makerOrderId":"635fd402ec417e000167e4b8","price":"0.9137","sequence":"426175764779009","side":"buy","size":"0.8707","symbol":"MATIC-USDT","takerOrderId":"635ff56b4bb4cc0001806032","time":"1667233131765000000","tradeId":"426175764779009","type":"match","timestamp":1667233131765},{"makerOrderId":"635fd402dd05480001fe69c7","price":"0.9137","sequence":"426175764779012","side":"buy","size":"130.649","symbol":"MATIC-USDT","takerOrderId":"635ff56b4bb4cc0001806032","time":"1667233131765000000","tradeId":"426175764779012","type":"match","timestamp":1667233131765},{"makerOrderId":"635fd403fe97f3000157a045","price":"0.9137","sequence":"426175764779015","side":"buy","size":"0.8856","symbol":"MATIC-USDT","takerOrderId":"635ff56b4bb4cc0001806032","time":"1667233131765000000","tradeId":"426175764779015","type":"match","timestamp":1667233131765},{"makerOrderId":"635fd4063b4e690001e920d8","price":"0.9137","sequence":"426175764779018","side":"buy","size":"0.6002","symbol":"MATIC-USDT","takerOrderId":"635ff56b4bb4cc0001806032","time":"1667233131765000000","tradeId":"426175764779018","type":"match","timestamp":1667233131765},{"makerOrderId":"635fd418fe97f3000157ec81","price":"0.9137","sequence":"426175764779021","side":"buy","size":"0.6802","symbol":"MATIC-USDT","takerOrderId":"635ff56b4bb4cc0001806032","time":"1667233131765000000","tradeId":"426175764779021","type":"match","timestamp":1667233131765},{"makerOrderId":"635fd41853b87b0001bb6e0d","price":"0.9137","sequence":"426175764779024","side":"buy","size":"0.5463","symbol":"MATIC-USDT","takerOrderId":"635ff56b4bb4cc0001806032","time":"1667233131765000000","tradeId":"426175764779024","type":"match","timestamp":1667233131765},{"makerOrderId":"635fd41bec417e0001683f67","price":"0.9137","sequence":"426175764779027","side":"buy","size":"0.4737","symbol":"MATIC-USDT","takerOrderId":"635ff56b4bb4cc0001806032","time":"1667233131765000000","tradeId":"426175764779027","type":"match","timestamp":1667233131765},{"makerOrderId":"635fd4523b4e690001ea1d5f","price":"0.9137","sequence":"426175764779030","side":"buy","size":"0.6985","symbol":"MATIC-USDT","takerOrderId":"635ff56b4bb4cc0001806032","time":"1667233131765000000","tradeId":"426175764779030","type":"match","timestamp":1667233131765},{"makerOrderId":"635fd47504b71f0001d2354c","price":"0.9137","sequence":"426175764779033","side":"buy","size":"21.041","symbol":"MATIC-USDT","takerOrderId":"635ff56b4bb4cc0001806032","time":"1667233131765000000","tradeId":"426175764779033","type":"match","timestamp":1667233131765},{"makerOrderId":"635fd47643963f00010d711c","price":"0.9137","sequence":"426175764779036","side":"buy","size":"30.6135","symbol":"MATIC-USDT","takerOrderId":"635ff56b4bb4cc0001806032","time":"1667233131765000000","tradeId":"426175764779036","type":"match","timestamp":1667233131765},{"makerOrderId":"635fd4b404b71f0001d321c6","price":"0.9137","sequence":"426175764779039","side":"buy","size":"0.6176","symbol":"MATIC-USDT","takerOrderId":"635ff56b4bb4cc0001806032","time":"1667233131765000000","tradeId":"426175764779039","type":"match","timestamp":1667233131765},{"makerOrderId":"635fd4b58b4ee20001d226a1","price":"0.9137","sequence":"426175764779042","side":"buy","size":"0.6368","symbol":"MATIC-USDT","takerOrderId":"635ff56b4bb4cc0001806032","time":"1667233131765000000","tradeId":"426175764779042","type":"match","timestamp":1667233131765},{"makerOrderId":"635fd4b6c4c3e100013ddf40","price":"0.9137","sequence":"426175764779045","side":"buy","size":"0.9781","symbol":"MATIC-USDT","takerOrderId":"635ff56b4bb4cc0001806032","time":"1667233131765000000","tradeId":"426175764779045","type":"match","timestamp":1667233131765},{"makerOrderId":"635fd4b7b791bc0001ada0a2","price":"0.9137","sequence":"426175764779048","side":"buy","size":"9.9887","symbol":"MATIC-USDT","takerOrderId":"635ff56b4bb4cc0001806032","time":"1667233131765000000","tradeId":"426175764779048","type":"match","timestamp":1667233131765},{"makerOrderId":"635fd4fb0da4410001c75fb5","price":"0.9137","sequence":"426175764779051","side":"buy","size":"1.234","symbol":"MATIC-USDT","takerOrderId":"635ff56b4bb4cc0001806032","time":"1667233131765000000","tradeId":"426175764779051","type":"match","timestamp":1667233131765},{"makerOrderId":"635fd6dc8d0e7a0001a1f1ad","price":"0.9137","sequence":"426175764779054","side":"buy","size":"0.5434","symbol":"MATIC-USDT","takerOrderId":"635ff56b4bb4cc0001806032","time":"1667233131765000000","tradeId":"426175764779054","type":"match","timestamp":1667233131765},{"makerOrderId":"635fd6dc5f52390001870714","price":"0.9137","sequence":"426175764779057","side":"buy","size":"0.2267","symbol":"MATIC-USDT","takerOrderId":"635ff56b4bb4cc0001806032","time":"1667233131765000000","tradeId":"426175764779057","type":"match","timestamp":1667233131765},{"makerOrderId":"635fd6dc5f52390001870714","price":"0.9137","sequence":"426176395497473","side":"buy","size":"0.0001","symbol":"MATIC-USDT","takerOrderId":"635ff56e4a44700f4c4d2a25","time":"1667233134329000000","tradeId":"426176395497473","type":"match","timestamp":1667233134329},{"makerOrderId":"635fd3fd04b71f0001d0a1ac","price":"0.9138","sequence":"426176406769665","side":"buy","size":"0.8359","symbol":"MATIC-USDT","takerOrderId":"635ff56e03dfb50f541f5319","time":"1667233134344000000","tradeId":"426176406769665","type":"match","timestamp":1667233134344},{"makerOrderId":"635fd4038bcb0f0001eaa4be","price":"0.9138","sequence":"426176406769668","side":"buy","size":"2.8822","symbol":"MATIC-USDT","takerOrderId":"635ff56e03dfb50f541f5319","time":"1667233134344000000","tradeId":"426176406769668","type":"match","timestamp":1667233134344},{"makerOrderId":"635fd4160da4410001c3c985","price":"0.9138","sequence":"426176406769671","side":"buy","size":"0.2531","symbol":"MATIC-USDT","takerOrderId":"635ff56e03dfb50f541f5319","time":"1667233134344000000","tradeId":"426176406769671","type":"match","timestamp":1667233134344},{"makerOrderId":"635fd416b791bc0001ab69df","price":"0.9138","sequence":"426176406769674","side":"buy","size":"0.399","symbol":"MATIC-USDT","takerOrderId":"635ff56e03dfb50f541f5319","time":"1667233134344000000","tradeId":"426176406769674","type":"match","timestamp":1667233134344},{"makerOrderId":"635fd450ec417e000168eb9b","price":"0.9138","sequence":"426176406769677","side":"buy","size":"0.3388","symbol":"MATIC-USDT","takerOrderId":"635ff56e03dfb50f541f5319","time":"1667233134344000000","tradeId":"426176406769677","type":"match","timestamp":1667233134344},{"makerOrderId":"635fd4533b4e690001ea21fd","price":"0.9138","sequence":"426176406769680","side":"buy","size":"1.0025","symbol":"MATIC-USDT","takerOrderId":"635ff56e03dfb50f541f5319","time":"1667233134344000000","tradeId":"426176406769680","type":"match","timestamp":1667233134344},{"makerOrderId":"635fd453fe97f3000158aff7","price":"0.9138","sequence":"426176406769683","side":"buy","size":"8.5976","symbol":"MATIC-USDT","takerOrderId":"635ff56e03dfb50f541f5319","time":"1667233134344000000","tradeId":"426176406769683","type":"match","timestamp":1667233134344},{"makerOrderId":"635fd4a04bb4cc00012da9d1","price":"0.9138","sequence":"426176406769686","side":"buy","size":"14.6761","symbol":"MATIC-USDT","takerOrderId":"635ff56e03dfb50f541f5319","time":"1667233134344000000","tradeId":"426176406769686","type":"match","timestamp":1667233134344},{"makerOrderId":"635fd704f2c2e900010ee84b","price":"0.9138","sequence":"426176406769689","side":"buy","size":"46.3202","symbol":"MATIC-USDT","takerOrderId":"635ff56e03dfb50f541f5319","time":"1667233134344000000","tradeId":"426176406769689","type":"match","timestamp":1667233134344},{"makerOrderId":"635fe82243963f000142bf82","price":"0.9138","sequence":"426176406769692","side":"buy","size":"1.204","symbol":"MATIC-USDT","takerOrderId":"635ff56e03dfb50f541f5319","time":"1667233134344000000","tradeId":"426176406769692","type":"match","timestamp":1667233134344},{"makerOrderId":"635fd3e03b4e690001e87ba0","price":"0.9139","sequence":"426176439668737","side":"buy","size":"2.0316","symbol":"MATIC-USDT","takerOrderId":"635ff56e768c1d0f4ccba63e","time":"1667233134378000000","tradeId":"426176439668737","type":"match","timestamp":1667233134378},{"makerOrderId":"635fd3ea0da4410001c31ae3","price":"0.9139","sequence":"426176439668740","side":"buy","size":"0.9659","symbol":"MATIC-USDT","takerOrderId":"635ff56e768c1d0f4ccba63e","time":"1667233134378000000","tradeId":"426176439668740","type":"match","timestamp":1667233134378},{"makerOrderId":"635fd3ffec417e000167d638","price":"0.9139","sequence":"426176439668743","side":"buy","size":"0.6891","symbol":"MATIC-USDT","takerOrderId":"635ff56e768c1d0f4ccba63e","time":"1667233134378000000","tradeId":"426176439668743","type":"match","timestamp":1667233134378},{"makerOrderId":"635fd4000da4410001c37c46","price":"0.9139","sequence":"426176439668746","side":"buy","size":"2.8123","symbol":"MATIC-USDT","takerOrderId":"635ff56e768c1d0f4ccba63e","time":"1667233134378000000","tradeId":"426176439668746","type":"match","timestamp":1667233134378},{"makerOrderId":"635fd401f2c2e9000104126f","price":"0.9139","sequence":"426176439668749","side":"buy","size":"5.1941","symbol":"MATIC-USDT","takerOrderId":"635ff56e768c1d0f4ccba63e","time":"1667233134378000000","tradeId":"426176439668749","type":"match","timestamp":1667233134378},{"makerOrderId":"635fd40153b87b0001bb1ce8","price":"0.9139","sequence":"426176439668752","side":"buy","size":"8.1075","symbol":"MATIC-USDT","takerOrderId":"635ff56e768c1d0f4ccba63e","time":"1667233134378000000","tradeId":"426176439668752","type":"match","timestamp":1667233134378},{"makerOrderId":"635fd40543963f00010bfbc4","price":"0.9139","sequence":"426176439668755","side":"buy","size":"3.9114","symbol":"MATIC-USDT","takerOrderId":"635ff56e768c1d0f4ccba63e","time":"1667233134378000000","tradeId":"426176439668755","type":"match","timestamp":1667233134378},{"makerOrderId":"635fd450a3b87800018c5135","price":"0.9139","sequence":"426176439668758","side":"buy","size":"0.3764","symbol":"MATIC-USDT","takerOrderId":"635ff56e768c1d0f4ccba63e","time":"1667233134378000000","tradeId":"426176439668758","type":"match","timestamp":1667233134378},{"makerOrderId":"635fd45053b87b0001bc24e4","price":"0.9139","sequence":"426176439668761","side":"buy","size":"0.2682","symbol":"MATIC-USDT","takerOrderId":"635ff56e768c1d0f4ccba63e","time":"1667233134378000000","tradeId":"426176439668761","type":"match","timestamp":1667233134378},{"makerOrderId":"635fd451c4c3e100013c72c9","price":"0.9139","sequence":"426176439668764","side":"buy","size":"0.3272","symbol":"MATIC-USDT","takerOrderId":"635ff56e768c1d0f4ccba63e","time":"1667233134378000000","tradeId":"426176439668764","type":"match","timestamp":1667233134378},{"makerOrderId":"635fd451f2c2e90001051ee3","price":"0.9139","sequence":"426176439668767","side":"buy","size":"1.0959","symbol":"MATIC-USDT","takerOrderId":"635ff56e768c1d0f4ccba63e","time":"1667233134378000000","tradeId":"426176439668767","type":"match","timestamp":1667233134378},{"makerOrderId":"635fd478ec417e0001696f32","price":"0.9139","sequence":"426176439668770","side":"buy","size":"0.4306","symbol":"MATIC-USDT","takerOrderId":"635ff56e768c1d0f4ccba63e","time":"1667233134378000000","tradeId":"426176439668770","type":"match","timestamp":1667233134378},{"makerOrderId":"635fd47b3b4e690001eaa332","price":"0.9139","sequence":"426176439668773","side":"buy","size":"3.9239","symbol":"MATIC-USDT","takerOrderId":"635ff56e768c1d0f4ccba63e","time":"1667233134378000000","tradeId":"426176439668773","type":"match","timestamp":1667233134378},{"makerOrderId":"635fd48d5f523900017e7957","price":"0.9139","sequence":"426176439668776","side":"buy","size":"6.7843","symbol":"MATIC-USDT","takerOrderId":"635ff56e768c1d0f4ccba63e","time":"1667233134378000000","tradeId":"426176439668776","type":"match","timestamp":1667233134378},{"makerOrderId":"635fd49b8bcb0f0001eca33e","price":"0.9139","sequence":"426176439668779","side":"buy","size":"13.2575","symbol":"MATIC-USDT","takerOrderId":"635ff56e768c1d0f4ccba63e","time":"1667233134378000000","tradeId":"426176439668779","type":"match","timestamp":1667233134378},{"makerOrderId":"635fd49c8bcb0f0001eca828","price":"0.9139","sequence":"426176439668782","side":"buy","size":"1.3084","symbol":"MATIC-USDT","takerOrderId":"635ff56e768c1d0f4ccba63e","time":"1667233134378000000","tradeId":"426176439668782","type":"match","timestamp":1667233134378},{"makerOrderId":"635fd49d43963f00010df7df","price":"0.9139","sequence":"426176439668785","side":"buy","size":"1.102","symbol":"MATIC-USDT","takerOrderId":"635ff56e768c1d0f4ccba63e","time":"1667233134378000000","tradeId":"426176439668785","type":"match","timestamp":1667233134378},{"makerOrderId":"635fd4b20da4410001c5e437","price":"0.9139","sequence":"426176439668788","side":"buy","size":"0.6117","symbol":"MATIC-USDT","takerOrderId":"635ff56e768c1d0f4ccba63e","time":"1667233134378000000","tradeId":"426176439668788","type":"match","timestamp":1667233134378},{"makerOrderId":"635fd4b4c4c3e100013dd520","price":"0.9139","sequence":"426176439668791","side":"buy","size":"1.8636","symbol":"MATIC-USDT","takerOrderId":"635ff56e768c1d0f4ccba63e","time":"1667233134378000000","tradeId":"426176439668791","type":"match","timestamp":1667233134378},{"makerOrderId":"635fd4ba9299490001136d07","price":"0.9139","sequence":"426176439668794","side":"buy","size":"1.8746","symbol":"MATIC-USDT","takerOrderId":"635ff56e768c1d0f4ccba63e","time":"1667233134378000000","tradeId":"426176439668794","type":"match","timestamp":1667233134378},{"makerOrderId":"635fd4d76a9dcb00018421ca","price":"0.9139","sequence":"426176439668797","side":"buy","size":"46.7995","symbol":"MATIC-USDT","takerOrderId":"635ff56e768c1d0f4ccba63e","time":"1667233134378000000","tradeId":"426176439668797","type":"match","timestamp":1667233134378},{"makerOrderId":"635fd3e1b791bc0001aa93c7","price":"0.914","sequence":"426176890425345","side":"buy","size":"2.1488","symbol":"MATIC-USDT","takerOrderId":"635ff56f768c1d0f4ccbaf57","time":"1667233135072000000","tradeId":"426176890425345","type":"match","timestamp":1667233135072},{"makerOrderId":"635fd3ee3b4e690001e8b9ef","price":"0.914","sequence":"426176890425348","side":"buy","size":"0.5353","symbol":"MATIC-USDT","takerOrderId":"635ff56f768c1d0f4ccbaf57","time":"1667233135072000000","tradeId":"426176890425348","type":"match","timestamp":1667233135072},{"makerOrderId":"635fd3f6b791bc0001aaee37","price":"0.914","sequence":"426176890425351","side":"buy","size":"0.5349","symbol":"MATIC-USDT","takerOrderId":"635ff56f768c1d0f4ccbaf57","time":"1667233135072000000","tradeId":"426176890425351","type":"match","timestamp":1667233135072},{"makerOrderId":"635fd3f70da4410001c34eac","price":"0.914","sequence":"426176890425354","side":"buy","size":"2.973","symbol":"MATIC-USDT","takerOrderId":"635ff56f768c1d0f4ccbaf57","time":"1667233135072000000","tradeId":"426176890425354","type":"match","timestamp":1667233135072},{"makerOrderId":"635fd3f7dd05480001fe3542","price":"0.914","sequence":"426176890425357","side":"buy","size":"1.1896","symbol":"MATIC-USDT","takerOrderId":"635ff56f768c1d0f4ccbaf57","time":"1667233135072000000","tradeId":"426176890425357","type":"match","timestamp":1667233135072},{"makerOrderId":"635fd3fac4c3e100013b49e3","price":"0.914","sequence":"426176890425360","side":"buy","size":"0.5762","symbol":"MATIC-USDT","takerOrderId":"635ff56f768c1d0f4ccbaf57","time":"1667233135072000000","tradeId":"426176890425360","type":"match","timestamp":1667233135072},{"makerOrderId":"635fd3fb8bcb0f0001ea81a4","price":"0.914","sequence":"426176890425363","side":"buy","size":"2.5146","symbol":"MATIC-USDT","takerOrderId":"635ff56f768c1d0f4ccbaf57","time":"1667233135072000000","tradeId":"426176890425363","type":"match","timestamp":1667233135072},{"makerOrderId":"635fd3fca3b87800018b3376","price":"0.914","sequence":"426176890425366","side":"buy","size":"0.4138","symbol":"MATIC-USDT","takerOrderId":"635ff56f768c1d0f4ccbaf57","time":"1667233135072000000","tradeId":"426176890425366","type":"match","timestamp":1667233135072},{"makerOrderId":"635fd3fc0da4410001c369ce","price":"0.914","sequence":"426176890425369","side":"buy","size":"0.8685","symbol":"MATIC-USDT","takerOrderId":"635ff56f768c1d0f4ccbaf57","time":"1667233135072000000","tradeId":"426176890425369","type":"match","timestamp":1667233135072},{"makerOrderId":"635fd3fc1280c200010e0c70","price":"0.914","sequence":"426176890425372","side":"buy","size":"1.8038","symbol":"MATIC-USDT","takerOrderId":"635ff56f768c1d0f4ccbaf57","time":"1667233135072000000","tradeId":"426176890425372","type":"match","timestamp":1667233135072},{"makerOrderId":"635fd4028d0e7a0001979c25","price":"0.914","sequence":"426176890425375","side":"buy","size":"1.5414","symbol":"MATIC-USDT","takerOrderId":"635ff56f768c1d0f4ccbaf57","time":"1667233135072000000","tradeId":"426176890425375","type":"match","timestamp":1667233135072},{"makerOrderId":"635fd4048b4ee20001cfbbec","price":"0.914","sequence":"426176890425378","side":"buy","size":"1.0649","symbol":"MATIC-USDT","takerOrderId":"635ff56f768c1d0f4ccbaf57","time":"1667233135072000000","tradeId":"426176890425378","type":"match","timestamp":1667233135072},{"makerOrderId":"635fd41b5f523900017d083e","price":"0.914","sequence":"426176890425381","side":"buy","size":"0.7002","symbol":"MATIC-USDT","takerOrderId":"635ff56f768c1d0f4ccbaf57","time":"1667233135072000000","tradeId":"426176890425381","type":"match","timestamp":1667233135072},{"makerOrderId":"635fd4508b4ee20001d0ba62","price":"0.914","sequence":"426176890425384","side":"buy","size":"1.1134","symbol":"MATIC-USDT","takerOrderId":"635ff56f768c1d0f4ccbaf57","time":"1667233135072000000","tradeId":"426176890425384","type":"match","timestamp":1667233135072},{"makerOrderId":"635fd451ec417e000168edbc","price":"0.914","sequence":"426176890425387","side":"buy","size":"0.5642","symbol":"MATIC-USDT","takerOrderId":"635ff56f768c1d0f4ccbaf57","time":"1667233135072000000","tradeId":"426176890425387","type":"match","timestamp":1667233135072},{"makerOrderId":"635fd4513b4e690001ea1944","price":"0.914","sequence":"426176890425390","side":"buy","size":"0.2146","symbol":"MATIC-USDT","takerOrderId":"635ff56f768c1d0f4ccbaf57","time":"1667233135072000000","tradeId":"426176890425390","type":"match","timestamp":1667233135072},{"makerOrderId":"635fd4518b4ee20001d0bcb0","price":"0.914","sequence":"426176890425393","side":"buy","size":"1.2833","symbol":"MATIC-USDT","takerOrderId":"635ff56f768c1d0f4ccbaf57","time":"1667233135072000000","tradeId":"426176890425393","type":"match","timestamp":1667233135072},{"makerOrderId":"635fd4514bb4cc00012c9c6d","price":"0.914","sequence":"426176890425396","side":"buy","size":"20.0118","symbol":"MATIC-USDT","takerOrderId":"635ff56f768c1d0f4ccbaf57","time":"1667233135072000000","tradeId":"426176890425396","type":"match","timestamp":1667233135072},{"makerOrderId":"635fd453b791bc0001ac31fd","price":"0.914","sequence":"426176890425399","side":"buy","size":"1.2891","symbol":"MATIC-USDT","takerOrderId":"635ff56f768c1d0f4ccbaf57","time":"1667233135072000000","tradeId":"426176890425399","type":"match","timestamp":1667233135072},{"makerOrderId":"635fd4531280c200010f335b","price":"0.914","sequence":"426176890425402","side":"buy","size":"3.2375","symbol":"MATIC-USDT","takerOrderId":"635ff56f768c1d0f4ccbaf57","time":"1667233135072000000","tradeId":"426176890425402","type":"match","timestamp":1667233135072},{"makerOrderId":"635fd4538b4ee20001d0c5c7","price":"0.914","sequence":"426176890425405","side":"buy","size":"4.7415","symbol":"MATIC-USDT","takerOrderId":"635ff56f768c1d0f4ccbaf57","time":"1667233135072000000","tradeId":"426176890425405","type":"match","timestamp":1667233135072},{"makerOrderId":"635fd4533b4e690001ea2493","price":"0.914","sequence":"426176890425408","side":"buy","size":"0.8423","symbol":"MATIC-USDT","takerOrderId":"635ff56f768c1d0f4ccbaf57","time":"1667233135072000000","tradeId":"426176890425408","type":"match","timestamp":1667233135072},{"makerOrderId":"635fd4541280c200010f3b72","price":"0.914","sequence":"426176890425411","side":"buy","size":"1.7783","symbol":"MATIC-USDT","takerOrderId":"635ff56f768c1d0f4ccbaf57","time":"1667233135072000000","tradeId":"426176890425411","type":"match","timestamp":1667233135072},{"makerOrderId":"635fd4709299490001124efb","price":"0.914","sequence":"426176890425414","side":"buy","size":"2.4659","symbol":"MATIC-USDT","takerOrderId":"635ff56f768c1d0f4ccbaf57","time":"1667233135072000000","tradeId":"426176890425414","type":"match","timestamp":1667233135072},{"makerOrderId":"635fd4786a9dcb0001828c19","price":"0.914","sequence":"426176890425417","side":"buy","size":"0.457","symbol":"MATIC-USDT","takerOrderId":"635ff56f768c1d0f4ccbaf57","time":"1667233135072000000","tradeId":"426176890425417","type":"match","timestamp":1667233135072},{"makerOrderId":"635fd48d4bb4cc00012d5bd9","price":"0.914","sequence":"426176890425420","side":"buy","size":"0.5777","symbol":"MATIC-USDT","takerOrderId":"635ff56f768c1d0f4ccbaf57","time":"1667233135072000000","tradeId":"426176890425420","type":"match","timestamp":1667233135072},{"makerOrderId":"635fd48ef2c2e9000105e3f4","price":"0.914","sequence":"426176890425423","side":"buy","size":"0.6524","symbol":"MATIC-USDT","takerOrderId":"635ff56f768c1d0f4ccbaf57","time":"1667233135072000000","tradeId":"426176890425423","type":"match","timestamp":1667233135072},{"makerOrderId":"635fd492b791bc0001ad004d","price":"0.914","sequence":"426176890425426","side":"buy","size":"29.0531","symbol":"MATIC-USDT","takerOrderId":"635ff56f768c1d0f4ccbaf57","time":"1667233135072000000","tradeId":"426176890425426","type":"match","timestamp":1667233135072},{"makerOrderId":"635fd4b25f523900017f15ca","price":"0.914","sequence":"426176890425429","side":"buy","size":"1.0786","symbol":"MATIC-USDT","takerOrderId":"635ff56f768c1d0f4ccbaf57","time":"1667233135072000000","tradeId":"426176890425429","type":"match","timestamp":1667233135072},{"makerOrderId":"635fd4b35f523900017f1a6f","price":"0.914","sequence":"426176890425432","side":"buy","size":"4.4434","symbol":"MATIC-USDT","takerOrderId":"635ff56f768c1d0f4ccbaf57","time":"1667233135072000000","tradeId":"426176890425432","type":"match","timestamp":1667233135072},{"makerOrderId":"635fd4c18d0e7a00019a4c74","price":"0.914","sequence":"426176890425435","side":"buy","size":"5.6766","symbol":"MATIC-USDT","takerOrderId":"635ff56f768c1d0f4ccbaf57","time":"1667233135072000000","tradeId":"426176890425435","type":"match","timestamp":1667233135072},{"makerOrderId":"635fd4e5fe97f300015b0736","price":"0.914","sequence":"426176890425438","side":"buy","size":"38.0445","symbol":"MATIC-USDT","takerOrderId":"635ff56f768c1d0f4ccbaf57","time":"1667233135072000000","tradeId":"426176890425438","type":"match","timestamp":1667233135072},{"makerOrderId":"635fd4e7af9287000109f808","price":"0.914","sequence":"426176890425441","side":"buy","size":"19.2131","symbol":"MATIC-USDT","takerOrderId":"635ff56f768c1d0f4ccbaf57","time":"1667233135072000000","tradeId":"426176890425441","type":"match","timestamp":1667233135072},{"makerOrderId":"635fd505a3b87800018f5869","price":"0.914","sequence":"426176890425444","side":"buy","size":"4.5882","symbol":"MATIC-USDT","takerOrderId":"635ff56f768c1d0f4ccbaf57","time":"1667233135072000000","tradeId":"426176890425444","type":"match","timestamp":1667233135072},{"makerOrderId":"635fd5295f523900018163dc","price":"0.914","sequence":"426176890425447","side":"buy","size":"0.2851","symbol":"MATIC-USDT","takerOrderId":"635ff56f768c1d0f4ccbaf57","time":"1667233135072000000","tradeId":"426176890425447","type":"match","timestamp":1667233135072},{"makerOrderId":"635fd530f2c2e9000108de66","price":"0.914","sequence":"426176890425450","side":"buy","size":"8.3504","symbol":"MATIC-USDT","takerOrderId":"635ff56f768c1d0f4ccbaf57","time":"1667233135072000000","tradeId":"426176890425450","type":"match","timestamp":1667233135072},{"makerOrderId":"635fd785fe97f3000164313a","price":"0.914","sequence":"426176890425453","side":"buy","size":"40","symbol":"MATIC-USDT","takerOrderId":"635ff56f768c1d0f4ccbaf57","time":"1667233135072000000","tradeId":"426176890425453","type":"match","timestamp":1667233135072},{"makerOrderId":"635fdb401280c200012515ee","price":"0.914","sequence":"426176890425456","side":"buy","size":"1.8921","symbol":"MATIC-USDT","takerOrderId":"635ff56f768c1d0f4ccbaf57","time":"1667233135072000000","tradeId":"426176890425456","type":"match","timestamp":1667233135072},{"makerOrderId":"635fdebfa3b8780001ac50ca","price":"0.914","sequence":"426176890425459","side":"buy","size":"0.5502","symbol":"MATIC-USDT","takerOrderId":"635ff56f768c1d0f4ccbaf57","time":"1667233135072000000","tradeId":"426176890425459","type":"match","timestamp":1667233135072},{"makerOrderId":"635fd3ee4bb4cc00012b3b21","price":"0.9141","sequence":"426177285738497","side":"buy","size":"62.1219","symbol":"MATIC-USDT","takerOrderId":"635ff570dd05480001534ee5","time":"1667233136096000000","tradeId":"426177285738497","type":"match","timestamp":1667233136096},{"makerOrderId":"635fd3fc43963f00010bd678","price":"0.9141","sequence":"426177285738500","side":"buy","size":"0.402","symbol":"MATIC-USDT","takerOrderId":"635ff570dd05480001534ee5","time":"1667233136096000000","tradeId":"426177285738500","type":"match","timestamp":1667233136096},{"makerOrderId":"635fd3feaf928700010670b4","price":"0.9141","sequence":"426177285738503","side":"buy","size":"2.0047","symbol":"MATIC-USDT","takerOrderId":"635ff570dd05480001534ee5","time":"1667233136096000000","tradeId":"426177285738503","type":"match","timestamp":1667233136096},{"makerOrderId":"635fd4168bcb0f0001eae7ba","price":"0.9141","sequence":"426177285738506","side":"buy","size":"0.2316","symbol":"MATIC-USDT","takerOrderId":"635ff570dd05480001534ee5","time":"1667233136096000000","tradeId":"426177285738506","type":"match","timestamp":1667233136096},{"makerOrderId":"635fd4508d0e7a000198a152","price":"0.9141","sequence":"426177285738509","side":"buy","size":"0.3225","symbol":"MATIC-USDT","takerOrderId":"635ff570dd05480001534ee5","time":"1667233136096000000","tradeId":"426177285738509","type":"match","timestamp":1667233136096},{"makerOrderId":"635fd450dd05480001ff6dc5","price":"0.9141","sequence":"426177285738512","side":"buy","size":"0.1956","symbol":"MATIC-USDT","takerOrderId":"635ff570dd05480001534ee5","time":"1667233136096000000","tradeId":"426177285738512","type":"match","timestamp":1667233136096},{"makerOrderId":"635fd4528b4ee20001d0bfc2","price":"0.9141","sequence":"426177285738515","side":"buy","size":"0.1979","symbol":"MATIC-USDT","takerOrderId":"635ff570dd05480001534ee5","time":"1667233136096000000","tradeId":"426177285738515","type":"match","timestamp":1667233136096},{"makerOrderId":"635fd4536a9dcb0001821452","price":"0.9141","sequence":"426177285738518","side":"buy","size":"9.5927","symbol":"MATIC-USDT","takerOrderId":"635ff570dd05480001534ee5","time":"1667233136096000000","tradeId":"426177285738518","type":"match","timestamp":1667233136096},{"makerOrderId":"635fd459dd05480001ff902f","price":"0.9141","sequence":"426177285738521","side":"buy","size":"6.5582","symbol":"MATIC-USDT","takerOrderId":"635ff570dd05480001534ee5","time":"1667233136096000000","tradeId":"426177285738521","type":"match","timestamp":1667233136096},{"makerOrderId":"635fd743a3b878000196e945","price":"0.9141","sequence":"426177285738524","side":"buy","size":"62.0685","symbol":"MATIC-USDT","takerOrderId":"635ff570dd05480001534ee5","time":"1667233136096000000","tradeId":"426177285738524","type":"match","timestamp":1667233136096},{"makerOrderId":"635fd743a3b878000196e945","price":"0.9141","sequence":"426177286787073","side":"buy","size":"0.0001","symbol":"MATIC-USDT","takerOrderId":"635ff5700da44100011857bc","time":"1667233136099000000","tradeId":"426177286787073","type":"match","timestamp":1667233136099},{"makerOrderId":"635fd3ff04b71f0001d0a75a","price":"0.9142","sequence":"426178034552833","side":"buy","size":"0.3572","symbol":"MATIC-USDT","takerOrderId":"635ff5724a44700f4c4d5071","time":"1667233138113000000","tradeId":"426178034552833","type":"match","timestamp":1667233138113},{"makerOrderId":"635fd400ec417e000167de4a","price":"0.9142","sequence":"426178034552836","side":"buy","size":"0.2405","symbol":"MATIC-USDT","takerOrderId":"635ff5724a44700f4c4d5071","time":"1667233138113000000","tradeId":"426178034552836","type":"match","timestamp":1667233138113},{"makerOrderId":"635fd401ec417e000167e044","price":"0.9142","sequence":"426178034552839","side":"buy","size":"0.3986","symbol":"MATIC-USDT","takerOrderId":"635ff5724a44700f4c4d5071","time":"1667233138113000000","tradeId":"426178034552839","type":"match","timestamp":1667233138113},{"makerOrderId":"635fd403af928700010687e4","price":"0.9142","sequence":"426178034552842","side":"buy","size":"0.2401","symbol":"MATIC-USDT","takerOrderId":"635ff5724a44700f4c4d5071","time":"1667233138113000000","tradeId":"426178034552842","type":"match","timestamp":1667233138113},{"makerOrderId":"635fd4051280c200010e2d0c","price":"0.9142","sequence":"426178034552845","side":"buy","size":"0.2122","symbol":"MATIC-USDT","takerOrderId":"635ff5724a44700f4c4d5071","time":"1667233138113000000","tradeId":"426178034552845","type":"match","timestamp":1667233138113},{"makerOrderId":"635fd47bf2c2e9000105a81d","price":"0.9142","sequence":"426178034552848","side":"buy","size":"0.2791","symbol":"MATIC-USDT","takerOrderId":"635ff5724a44700f4c4d5071","time":"1667233138113000000","tradeId":"426178034552848","type":"match","timestamp":1667233138113},{"makerOrderId":"635fd49c8bcb0f0001eca8c1","price":"0.9142","sequence":"426178034552851","side":"buy","size":"3.4348","symbol":"MATIC-USDT","takerOrderId":"635ff5724a44700f4c4d5071","time":"1667233138113000000","tradeId":"426178034552851","type":"match","timestamp":1667233138113},{"makerOrderId":"635ff460fe97f30001a9841c","price":"0.9142","sequence":"426178034552854","side":"buy","size":"120","symbol":"MATIC-USDT","takerOrderId":"635ff5724a44700f4c4d5071","time":"1667233138113000000","tradeId":"426178034552854","type":"match","timestamp":1667233138113},{"makerOrderId":"635fd3e00da4410001c2ef34","price":"0.9143","sequence":"426178074136577","side":"buy","size":"2.5204","symbol":"MATIC-USDT","takerOrderId":"635ff572b6f63c0f4850c7c4","time":"1667233138158000000","tradeId":"426178074136577","type":"match","timestamp":1667233138158},{"makerOrderId":"635fd3f5fe97f300015761f6","price":"0.9143","sequence":"426178074136580","side":"buy","size":"24.5433","symbol":"MATIC-USDT","takerOrderId":"635ff572b6f63c0f4850c7c4","time":"1667233138158000000","tradeId":"426178074136580","type":"match","timestamp":1667233138158},{"makerOrderId":"635fd3fc0da4410001c36b16","price":"0.9143","sequence":"426178074136583","side":"buy","size":"0.3599","symbol":"MATIC-USDT","takerOrderId":"635ff572b6f63c0f4850c7c4","time":"1667233138158000000","tradeId":"426178074136583","type":"match","timestamp":1667233138158},{"makerOrderId":"635fd3fd929949000110c620","price":"0.9143","sequence":"426178074136586","side":"buy","size":"0.4827","symbol":"MATIC-USDT","takerOrderId":"635ff572b6f63c0f4850c7c4","time":"1667233138158000000","tradeId":"426178074136586","type":"match","timestamp":1667233138158},{"makerOrderId":"635fd40004b71f0001d0af00","price":"0.9143","sequence":"426178074136589","side":"buy","size":"0.3662","symbol":"MATIC-USDT","takerOrderId":"635ff572b6f63c0f4850c7c4","time":"1667233138158000000","tradeId":"426178074136589","type":"match","timestamp":1667233138158},{"makerOrderId":"635fd4028b4ee20001cfb5e1","price":"0.9143","sequence":"426178074136592","side":"buy","size":"0.4852","symbol":"MATIC-USDT","takerOrderId":"635ff572b6f63c0f4850c7c4","time":"1667233138158000000","tradeId":"426178074136592","type":"match","timestamp":1667233138158},{"makerOrderId":"635fd403dd05480001fe6c9b","price":"0.9143","sequence":"426178074136595","side":"buy","size":"0.268","symbol":"MATIC-USDT","takerOrderId":"635ff572b6f63c0f4850c7c4","time":"1667233138158000000","tradeId":"426178074136595","type":"match","timestamp":1667233138158},{"makerOrderId":"635fd416dd05480001feae0b","price":"0.9143","sequence":"426178074136598","side":"buy","size":"1.1086","symbol":"MATIC-USDT","takerOrderId":"635ff572b6f63c0f4850c7c4","time":"1667233138158000000","tradeId":"426178074136598","type":"match","timestamp":1667233138158},{"makerOrderId":"635fd416fe97f3000157e33f","price":"0.9143","sequence":"426178074136601","side":"buy","size":"1.115","symbol":"MATIC-USDT","takerOrderId":"635ff572b6f63c0f4850c7c4","time":"1667233138158000000","tradeId":"426178074136601","type":"match","timestamp":1667233138158},{"makerOrderId":"635fd41afe97f3000157f303","price":"0.9143","sequence":"426178074136604","side":"buy","size":"3.3996","symbol":"MATIC-USDT","takerOrderId":"635ff572b6f63c0f4850c7c4","time":"1667233138158000000","tradeId":"426178074136604","type":"match","timestamp":1667233138158},{"makerOrderId":"635fd4508d0e7a000198a0ef","price":"0.9143","sequence":"426178074136607","side":"buy","size":"1.2509","symbol":"MATIC-USDT","takerOrderId":"635ff572b6f63c0f4850c7c4","time":"1667233138158000000","tradeId":"426178074136607","type":"match","timestamp":1667233138158},{"makerOrderId":"635fd4504bb4cc00012c9a2b","price":"0.9143","sequence":"426178074136610","side":"buy","size":"0.3395","symbol":"MATIC-USDT","takerOrderId":"635ff572b6f63c0f4850c7c4","time":"1667233138158000000","tradeId":"426178074136610","type":"match","timestamp":1667233138158},{"makerOrderId":"635fd45053b87b0001bc24be","price":"0.9143","sequence":"426178074136613","side":"buy","size":"0.6788","symbol":"MATIC-USDT","takerOrderId":"635ff572b6f63c0f4850c7c4","time":"1667233138158000000","tradeId":"426178074136613","type":"match","timestamp":1667233138158},{"makerOrderId":"635fd48bc4c3e100013d2b07","price":"0.9143","sequence":"426178074136616","side":"buy","size":"11.7412","symbol":"MATIC-USDT","takerOrderId":"635ff572b6f63c0f4850c7c4","time":"1667233138158000000","tradeId":"426178074136616","type":"match","timestamp":1667233138158},{"makerOrderId":"635fd6f3c4c3e10001460a59","price":"0.9143","sequence":"426178074136619","side":"buy","size":"3.3482","symbol":"MATIC-USDT","takerOrderId":"635ff572b6f63c0f4850c7c4","time":"1667233138158000000","tradeId":"426178074136619","type":"match","timestamp":1667233138158}],"sells":[{"makerOrderId":"635ff572050e000f4d4c1052","price":"0.9143","sequence":"426178237583361","side":"sell","size":"11.3767","symbol":"MATIC-USDT","takerOrderId":"635ff572ec417e0001bcc5fc","time":"1667233138382000000","tradeId":"426178237583361","type":"match","timestamp":1667233138382}]},"footprint":{"totals":{"buyVolume":{"value":"1173.4026","bn":"1173.4026"},"sellVolume":{"value":"11.3767","bn":"11.3767"},"deltaVolume":{"value":"1162.0259","bn":"1162.0259"},"totalVolume":{"value":"1184.7793","bn":"1184.7793"}},"0.9133":{"sellVolume":{"value":"0","bn":"0"},"buyVolume":{"value":"125.7628","bn":"125.7628"},"totalVolume":{"value":"125.7628","bn":"125.7628"},"deltaVolume":{"value":"0","bn":"0"}},"0.9134":{"sellVolume":{"value":"0","bn":"0"},"buyVolume":{"value":"50.4211","bn":"50.4211"},"totalVolume":{"value":"50.4211","bn":"50.4211"},"deltaVolume":{"value":"0","bn":"0"}},"0.9135":{"sellVolume":{"value":"0","bn":"0"},"buyVolume":{"value":"34.8764","bn":"34.8764"},"totalVolume":{"value":"34.8764","bn":"34.8764"},"deltaVolume":{"value":"0","bn":"0"}},"0.9136":{"sellVolume":{"value":"0","bn":"0"},"buyVolume":{"value":"50.6781","bn":"50.6781"},"totalVolume":{"value":"50.6781","bn":"50.6781"},"deltaVolume":{"value":"0","bn":"0"}},"0.9137":{"sellVolume":{"value":"0","bn":"0"},"buyVolume":{"value":"201.2841","bn":"201.2841"},"totalVolume":{"value":"201.2841","bn":"201.2841"},"deltaVolume":{"value":"0","bn":"0"}},"0.9138":{"sellVolume":{"value":"0","bn":"0"},"buyVolume":{"value":"76.5094","bn":"76.5094"},"totalVolume":{"value":"76.5094","bn":"76.5094"},"deltaVolume":{"value":"0","bn":"0"}},"0.9139":{"sellVolume":{"value":"0","bn":"0"},"buyVolume":{"value":"103.7357","bn":"103.7357"},"totalVolume":{"value":"103.7357","bn":"103.7357"},"deltaVolume":{"value":"0","bn":"0"}},"0.914":{"sellVolume":{"value":"0","bn":"0"},"buyVolume":{"value":"209.2693","bn":"209.2693"},"totalVolume":{"value":"209.2693","bn":"209.2693"},"deltaVolume":{"value":"0","bn":"0"}},"0.9141":{"sellVolume":{"value":"0","bn":"0"},"buyVolume":{"value":"143.6957","bn":"143.6957"},"totalVolume":{"value":"143.6957","bn":"143.6957"},"deltaVolume":{"value":"0","bn":"0"}},"0.9142":{"sellVolume":{"value":"0","bn":"0"},"buyVolume":{"value":"125.1625","bn":"125.1625"},"totalVolume":{"value":"125.1625","bn":"125.1625"},"deltaVolume":{"value":"0","bn":"0"}},"0.9143":{"sellVolume":{"value":"11.3767","bn":"11.3767"},"buyVolume":{"value":"52.0075","bn":"52.0075"},"totalVolume":{"value":"63.3842","bn":"63.3842"},"deltaVolume":{"value":"0","bn":"0"}}},"candleStick":{"firstPrice":{"value":"0.9133","bn":"0.9133"},"lastPrice":{"value":"0.9143","bn":"0.9143"},"lowPrice":{"value":"0","bn":"0"},"highPrice":{"value":"0.9143","bn":"0.9143"}}},"10/31/2022-9:19":{"raw":{"buys":[{"makerOrderId":"635ff576fe97f30001ac9734","price":"0.9137","sequence":"426179589197825","side":"buy","size":"2.6848","symbol":"MATIC-USDT","takerOrderId":"635ff577929949000165d7c2","time":"1667233143052000000","tradeId":"426179589197825","type":"match","timestamp":1667233143052},{"makerOrderId":"635ff57c4bb4cc00018097bd","price":"0.9137","sequence":"426181522903041","side":"buy","size":"1.0456","symbol":"MATIC-USDT","takerOrderId":"635ff57c6a9dcb0001d5f9d6","time":"1667233148378000000","tradeId":"426181522903041","type":"match","timestamp":1667233148378},{"makerOrderId":"635ff57e3b4e6900013e13d0","price":"0.914","sequence":"426183413878785","side":"buy","size":"0.5256","symbol":"MATIC-USDT","takerOrderId":"635ff5834a44700f4c4de08c","time":"1667233155492000000","tradeId":"426183413878785","type":"match","timestamp":1667233155492},{"makerOrderId":"635ff5927162870f46db0bec","price":"0.9129","sequence":"426187614867457","side":"buy","size":"0.2096","symbol":"MATIC-USDT","takerOrderId":"635ff5921280c20001634da6","time":"1667233170477000000","tradeId":"426187614867457","type":"match","timestamp":1667233170477},{"makerOrderId":"635ff5a3c4c3e1000190d061","price":"0.9124","sequence":"426192567291905","side":"buy","size":"0.8711","symbol":"MATIC-USDT","takerOrderId":"635ff5a77162870f46db85b0","time":"1667233191624000000","tradeId":"426192567291905","type":"match","timestamp":1667233191624},{"makerOrderId":"635ff5aa53b87b0001109585","price":"0.9122","sequence":"426193628844033","side":"buy","size":"0.1657","symbol":"MATIC-USDT","takerOrderId":"635ff5aa5213e800018a11ec","time":"1667233194875000000","tradeId":"426193628844033","type":"match","timestamp":1667233194875}],"sells":[{"makerOrderId":"635ff5764bb4cc00018086c5","price":"0.9137","sequence":"426179520122881","side":"sell","size":"826.4917","symbol":"MATIC-USDT","takerOrderId":"635ff576f2c2e9000158e9f1","time":"1667233142878000000","tradeId":"426179520122881","type":"match","timestamp":1667233142878},{"makerOrderId":"635ff571c4c3e10001904be4","price":"0.9136","sequence":"426179597586433","side":"sell","size":"0.8705","symbol":"MATIC-USDT","takerOrderId":"635ff577768c1d0f4ccbf149","time":"1667233143069000000","tradeId":"426179597586433","type":"match","timestamp":1667233143069},{"makerOrderId":"635ff57fdd0548000153800b","price":"0.9139","sequence":"426183168249857","side":"sell","size":"28.3721","symbol":"MATIC-USDT","takerOrderId":"635ff582af928700015b989a","time":"1667233154209000000","tradeId":"426183168249857","type":"match","timestamp":1667233154209},{"makerOrderId":"635ff5864bb4cc000180b249","price":"0.9136","sequence":"426184546603009","side":"sell","size":"1.5715","symbol":"MATIC-USDT","takerOrderId":"635ff5864bb4cc000180b3fb","time":"1667233158905000000","tradeId":"426184546603009","type":"match","timestamp":1667233158905},{"makerOrderId":"635ff586f2c2e900015914b7","price":"0.9136","sequence":"426184546603012","side":"sell","size":"146.2211","symbol":"MATIC-USDT","takerOrderId":"635ff5864bb4cc000180b3fb","time":"1667233158905000000","tradeId":"426184546603012","type":"match","timestamp":1667233158905},{"makerOrderId":"635ff5881280c2000163332a","price":"0.9133","sequence":"426185316519937","side":"sell","size":"0.5258","symbol":"MATIC-USDT","takerOrderId":"635ff589b6f63c0f485181c3","time":"1667233161453000000","tradeId":"426185316519937","type":"match","timestamp":1667233161453},{"makerOrderId":"635ff58c0da441000118ab9d","price":"0.913","sequence":"426187476324353","side":"sell","size":"0.5263","symbol":"MATIC-USDT","takerOrderId":"635ff592768c1d0f4cccb703","time":"1667233170072000000","tradeId":"426187476324353","type":"match","timestamp":1667233170072},{"makerOrderId":"635ff593dd0548000153b2b0","price":"0.9127","sequence":"426188778917889","side":"sell","size":"0.5265","symbol":"MATIC-USDT","takerOrderId":"635ff597050e000f4d4d1456","time":"1667233175581000000","tradeId":"426188778917889","type":"match","timestamp":1667233175581},{"makerOrderId":"635ff535b6f63c0f484ee512","price":"0.9125","sequence":"426190667665409","side":"sell","size":"0.5599","symbol":"MATIC-USDT","takerOrderId":"635ff5a05735690f4ca6ef2b","time":"1667233184669000000","tradeId":"426190667665409","type":"match","timestamp":1667233184669},{"makerOrderId":"635ff59a1280c20001635f32","price":"0.9124","sequence":"426190672908289","side":"sell","size":"0.5268","symbol":"MATIC-USDT","takerOrderId":"635ff5a0b1ae580f494c3e05","time":"1667233184681000000","tradeId":"426190672908289","type":"match","timestamp":1667233184681},{"makerOrderId":"635ff5adfe97f30001ad217a","price":"0.9122","sequence":"426194450927617","side":"sell","size":"1.2227","symbol":"MATIC-USDT","takerOrderId":"635ff5ae4a44700f4c4ee3d2","time":"1667233198705000000","tradeId":"426194450927617","type":"match","timestamp":1667233198705}]},"footprint":{"totals":{"buyVolume":{"value":"5.5024","bn":"5.5024"},"sellVolume":{"value":"1007.4149","bn":"1007.4149"},"deltaVolume":{"value":"-1001.9125","bn":"-1001.9125"},"totalVolume":{"value":"1012.9173","bn":"1012.9173"}},"0.9137":{"sellVolume":{"value":"826.4917","bn":"826.4917"},"buyVolume":{"value":"3.7304","bn":"3.7304"},"totalVolume":{"value":"830.2221","bn":"830.2221"},"deltaVolume":{"value":"0","bn":"0"}},"0.9136":{"sellVolume":{"value":"148.6631","bn":"148.6631"},"buyVolume":{"value":"0","bn":"0"},"totalVolume":{"value":"148.6631","bn":"148.6631"},"deltaVolume":{"value":"0","bn":"0"}},"0.9139":{"sellVolume":{"value":"28.3721","bn":"28.3721"},"buyVolume":{"value":"0","bn":"0"},"totalVolume":{"value":"28.3721","bn":"28.3721"},"deltaVolume":{"value":"0","bn":"0"}},"0.914":{"sellVolume":{"value":"0","bn":"0"},"buyVolume":{"value":"0.5256","bn":"0.5256"},"totalVolume":{"value":"0.5256","bn":"0.5256"},"deltaVolume":{"value":"0","bn":"0"}},"0.9133":{"sellVolume":{"value":"0.5258","bn":"0.5258"},"buyVolume":{"value":"0","bn":"0"},"totalVolume":{"value":"0.5258","bn":"0.5258"},"deltaVolume":{"value":"0","bn":"0"}},"0.913":{"sellVolume":{"value":"0.5263","bn":"0.5263"},"buyVolume":{"value":"0","bn":"0"},"totalVolume":{"value":"0.5263","bn":"0.5263"},"deltaVolume":{"value":"0","bn":"0"}},"0.9129":{"sellVolume":{"value":"0","bn":"0"},"buyVolume":{"value":"0.2096","bn":"0.2096"},"totalVolume":{"value":"0.2096","bn":"0.2096"},"deltaVolume":{"value":"0","bn":"0"}},"0.9127":{"sellVolume":{"value":"0.5265","bn":"0.5265"},"buyVolume":{"value":"0","bn":"0"},"totalVolume":{"value":"0.5265","bn":"0.5265"},"deltaVolume":{"value":"0","bn":"0"}},"0.9125":{"sellVolume":{"value":"0.5599","bn":"0.5599"},"buyVolume":{"value":"0","bn":"0"},"totalVolume":{"value":"0.5599","bn":"0.5599"},"deltaVolume":{"value":"0","bn":"0"}},"0.9124":{"sellVolume":{"value":"0.5268","bn":"0.5268"},"buyVolume":{"value":"0.8711","bn":"0.8711"},"totalVolume":{"value":"1.3979","bn":"1.3979"},"deltaVolume":{"value":"0","bn":"0"}},"0.9122":{"sellVolume":{"value":"1.2227","bn":"1.2227"},"buyVolume":{"value":"0.1657","bn":"0.1657"},"totalVolume":{"value":"1.3884","bn":"1.3884"},"deltaVolume":{"value":"0","bn":"0"}}},"candleStick":{"firstPrice":{"value":"0.9137","bn":"0.9137"},"lastPrice":{"value":"0.9122","bn":"0.9122"},"lowPrice":{"value":"0","bn":"0"},"highPrice":{"value":"0.914","bn":"0.914"}}},"10/31/2022-9:20":{"raw":{"buys":[{"makerOrderId":"635ff5b9b6f63c0f4852a7a5","price":"0.9121","sequence":"426197350633473","side":"buy","size":"1096.371","symbol":"MATIC-USDT","takerOrderId":"635ff5baf2c2e900015992a2","time":"1667233210522000000","tradeId":"426197350633473","type":"match","timestamp":1667233210522},{"makerOrderId":"635ff5c153b87b000110cacb","price":"0.9119","sequence":"426199500607489","side":"buy","size":"0.8714","symbol":"MATIC-USDT","takerOrderId":"635ff5c323fb5e0f481bb34d","time":"1667233219423000000","tradeId":"426199500607489","type":"match","timestamp":1667233219423},{"makerOrderId":"635ff5ccb791bc000100ee9d","price":"0.9123","sequence":"426202089279489","side":"buy","size":"0.7028","symbol":"MATIC-USDT","takerOrderId":"635ff5cf768c1d0f4cce306c","time":"1667233231024000000","tradeId":"426202089279489","type":"match","timestamp":1667233231024},{"makerOrderId":"635ff5d03b4e6900013ed576","price":"0.9126","sequence":"426203497123841","side":"buy","size":"0.5268","symbol":"MATIC-USDT","takerOrderId":"635ff5d4768c1d0f4cce5583","time":"1667233236656000000","tradeId":"426203497123841","type":"match","timestamp":1667233236656},{"makerOrderId":"635ff5d6c4c3e10001914690","price":"0.9129","sequence":"426204630372353","side":"buy","size":"0.5265","symbol":"MATIC-USDT","takerOrderId":"635ff5d8768c1d0f4cce6b12","time":"1667233240531000000","tradeId":"426204630372353","type":"match","timestamp":1667233240531}],"sells":[{"makerOrderId":"635ff5b2a3b8780001e0d3aa","price":"0.9119","sequence":"426198384398337","side":"sell","size":"0.5271","symbol":"MATIC-USDT","takerOrderId":"635ff5bf768c1d0f4ccdca77","time":"1667233215482000000","tradeId":"426198384398337","type":"match","timestamp":1667233215482},{"makerOrderId":"635ff5bffe97f30001ad4aaa","price":"0.9118","sequence":"426198427389953","side":"sell","size":"6.2988","symbol":"MATIC-USDT","takerOrderId":"635ff5bf4a44700f4c4f50a1","time":"1667233215641000000","tradeId":"426198427389953","type":"match","timestamp":1667233215641},{"makerOrderId":"635ff5bffe97f30001ad4ab3","price":"0.9117","sequence":"426198927036417","side":"sell","size":"0.2106","symbol":"MATIC-USDT","takerOrderId":"635ff5c24bb4cc0001813f41","time":"1667233218043000000","tradeId":"426198927036417","type":"match","timestamp":1667233218043},{"makerOrderId":"635ff5c104b71f0001265ffd","price":"0.9117","sequence":"426198927036420","side":"sell","size":"24.2957","symbol":"MATIC-USDT","takerOrderId":"635ff5c24bb4cc0001813f41","time":"1667233218043000000","tradeId":"426198927036420","type":"match","timestamp":1667233218043},{"makerOrderId":"635ff5cfa3b8780001e111b1","price":"0.9125","sequence":"426203064324097","side":"sell","size":"39.1316","symbol":"MATIC-USDT","takerOrderId":"635ff5d25f52390001d289c3","time":"1667233234621000000","tradeId":"426203064324097","type":"match","timestamp":1667233234621},{"makerOrderId":"635ff5dddd05480001545ccd","price":"0.9131","sequence":"426206101000193","side":"sell","size":"37.6446","symbol":"MATIC-USDT","takerOrderId":"635ff5df6a9dcb0001d6e0a3","time":"1667233247340000000","tradeId":"426206101000193","type":"match","timestamp":1667233247340}]},"footprint":{"totals":{"buyVolume":{"value":"1098.9985","bn":"1098.9985"},"sellVolume":{"value":"108.1084","bn":"108.1084"},"deltaVolume":{"value":"990.8901","bn":"990.8901"},"totalVolume":{"value":"1207.1069","bn":"1207.1069"}},"0.9121":{"sellVolume":{"value":"0","bn":"0"},"buyVolume":{"value":"1096.371","bn":"1096.371"},"totalVolume":{"value":"1096.371","bn":"1096.371"},"deltaVolume":{"value":"0","bn":"0"}},"0.9119":{"sellVolume":{"value":"0.5271","bn":"0.5271"},"buyVolume":{"value":"0.8714","bn":"0.8714"},"totalVolume":{"value":"1.3985","bn":"1.3985"},"deltaVolume":{"value":"0","bn":"0"}},"0.9118":{"sellVolume":{"value":"6.2988","bn":"6.2988"},"buyVolume":{"value":"0","bn":"0"},"totalVolume":{"value":"6.2988","bn":"6.2988"},"deltaVolume":{"value":"0","bn":"0"}},"0.9117":{"sellVolume":{"value":"24.5063","bn":"24.5063"},"buyVolume":{"value":"0","bn":"0"},"totalVolume":{"value":"24.5063","bn":"24.5063"},"deltaVolume":{"value":"0","bn":"0"}},"0.9123":{"sellVolume":{"value":"0","bn":"0"},"buyVolume":{"value":"0.7028","bn":"0.7028"},"totalVolume":{"value":"0.7028","bn":"0.7028"},"deltaVolume":{"value":"0","bn":"0"}},"0.9125":{"sellVolume":{"value":"39.1316","bn":"39.1316"},"buyVolume":{"value":"0","bn":"0"},"totalVolume":{"value":"39.1316","bn":"39.1316"},"deltaVolume":{"value":"0","bn":"0"}},"0.9126":{"sellVolume":{"value":"0","bn":"0"},"buyVolume":{"value":"0.5268","bn":"0.5268"},"totalVolume":{"value":"0.5268","bn":"0.5268"},"deltaVolume":{"value":"0","bn":"0"}},"0.9129":{"sellVolume":{"value":"0","bn":"0"},"buyVolume":{"value":"0.5265","bn":"0.5265"},"totalVolume":{"value":"0.5265","bn":"0.5265"},"deltaVolume":{"value":"0","bn":"0"}},"0.9131":{"sellVolume":{"value":"37.6446","bn":"37.6446"},"buyVolume":{"value":"0","bn":"0"},"totalVolume":{"value":"37.6446","bn":"37.6446"},"deltaVolume":{"value":"0","bn":"0"}}},"candleStick":{"firstPrice":{"value":"0.9121","bn":"0.9121"},"lastPrice":{"value":"0.9131","bn":"0.9131"},"lowPrice":{"value":"0","bn":"0"},"highPrice":{"value":"0.9131","bn":"0.9131"}}},"10/31/2022-9:21":{"raw":{"buys":[{"makerOrderId":"635ff5fe1280c200016440a3","price":"0.9121","sequence":"426213436051457","side":"buy","size":"51.42","symbol":"MATIC-USDT","takerOrderId":"635ff5ff327ce00001e1e073","time":"1667233279054000000","tradeId":"426213436051457","type":"match","timestamp":1667233279054},{"makerOrderId":"635ff5ff4bb4cc000181c637","price":"0.912","sequence":"426213658873857","side":"buy","size":"2030.6788","symbol":"MATIC-USDT","takerOrderId":"635ff5ff5735690f4ca92154","time":"1667233279577000000","tradeId":"426213658873857","type":"match","timestamp":1667233279577},{"makerOrderId":"635ff5fa5f52390001d2df0f","price":"0.9124","sequence":"426213723361281","side":"buy","size":"5.48","symbol":"MATIC-USDT","takerOrderId":"635ff5ff8d0e7a0001eddc0b","time":"1667233279742000000","tradeId":"426213723361281","type":"match","timestamp":1667233279742},{"makerOrderId":"635ff60aaf928700015cce97","price":"0.9125","sequence":"426216345063425","side":"buy","size":"0.4367","symbol":"MATIC-USDT","takerOrderId":"635ff60af2c2e900015a4195","time":"1667233290798000000","tradeId":"426216345063425","type":"match","timestamp":1667233290798},{"makerOrderId":"635ff60b5f52390001d3053d","price":"0.9126","sequence":"426216588333057","side":"buy","size":"1.4881","symbol":"MATIC-USDT","takerOrderId":"635ff60cb6f63c0f485467d3","time":"1667233292166000000","tradeId":"426216588333057","type":"match","timestamp":1667233292166},{"makerOrderId":"635ff60f6a9dcb0001d74a49","price":"0.9129","sequence":"426219228647425","side":"buy","size":"0.5266","symbol":"MATIC-USDT","takerOrderId":"635ff619b6f63c0f4854a322","time":"1667233305991000000","tradeId":"426219228647425","type":"match","timestamp":1667233305991},{"makerOrderId":"635ff61d04b71f00012726a7","price":"0.9132","sequence":"426221011619841","side":"buy","size":"0.5263","symbol":"MATIC-USDT","takerOrderId":"635ff6214a44700f4c51522f","time":"1667233313883000000","tradeId":"426221011619841","type":"match","timestamp":1667233313883}],"sells":[{"makerOrderId":"635ff5d90da4410001195cb6","price":"0.9129","sequence":"426209006342145","side":"sell","size":"0.871","symbol":"MATIC-USDT","takerOrderId":"635ff5ed23fb5e0f481c9169","time":"1667233261784000000","tradeId":"426209006342145","type":"match","timestamp":1667233261784},{"makerOrderId":"635ff5ef3b4e6900013f1843","price":"0.9127","sequence":"426209569427457","side":"sell","size":"1921.875","symbol":"MATIC-USDT","takerOrderId":"635ff5ef5f52390001d2c5c3","time":"1667233263693000000","tradeId":"426209569427457","type":"match","timestamp":1667233263693},{"makerOrderId":"635ff5eff2c2e900015a0230","price":"0.9126","sequence":"426209778225153","side":"sell","size":"0.5265","symbol":"MATIC-USDT","takerOrderId":"635ff5f08d0e7a0001edb8a8","time":"1667233264514000000","tradeId":"426209778225153","type":"match","timestamp":1667233264514},{"makerOrderId":"635ff5fa8b4ee2000125db3c","price":"0.9123","sequence":"426212599943169","side":"sell","size":"0.5269","symbol":"MATIC-USDT","takerOrderId":"635ff5fb8d0e7a0001edd205","time":"1667233275512000000","tradeId":"426212599943169","type":"match","timestamp":1667233275512},{"makerOrderId":"635ff5f604b71f000126d296","price":"0.912","sequence":"426213428318209","side":"sell","size":"0.6702","symbol":"MATIC-USDT","takerOrderId":"635ff5ffb6f63c0f48542373","time":"1667233279040000000","tradeId":"426213428318209","type":"match","timestamp":1667233279040},{"makerOrderId":"635ff5fc9299490001670f8c","price":"0.912","sequence":"426213428318212","side":"sell","size":"0.5272","symbol":"MATIC-USDT","takerOrderId":"635ff5ffb6f63c0f48542373","time":"1667233279040000000","tradeId":"426213428318212","type":"match","timestamp":1667233279040},{"makerOrderId":"635ff6008b4ee2000125eb69","price":"0.9122","sequence":"426214170972161","side":"sell","size":"0.1297","symbol":"MATIC-USDT","takerOrderId":"635ff601098c820001d3bf6b","time":"1667233281703000000","tradeId":"426214170972161","type":"match","timestamp":1667233281703},{"makerOrderId":"635ff6258b4ee20001263710","price":"0.9132","sequence":"426221923618817","side":"sell","size":"0.8708","symbol":"MATIC-USDT","takerOrderId":"635ff62623fb5e0f481dab9c","time":"1667233318236000000","tradeId":"426221923618817","type":"match","timestamp":1667233318236}]},"footprint":{"totals":{"buyVolume":{"value":"2090.5565","bn":"2090.5565"},"sellVolume":{"value":"1925.9973","bn":"1925.9973"},"deltaVolume":{"value":"164.5592","bn":"164.5592"},"totalVolume":{"value":"4016.5538","bn":"4016.5538"}},"0.9129":{"sellVolume":{"value":"0.871","bn":"0.871"},"buyVolume":{"value":"0.5266","bn":"0.5266"},"totalVolume":{"value":"1.3976","bn":"1.3976"},"deltaVolume":{"value":"0","bn":"0"}},"0.9127":{"sellVolume":{"value":"1921.875","bn":"1921.875"},"buyVolume":{"value":"0","bn":"0"},"totalVolume":{"value":"1921.875","bn":"1921.875"},"deltaVolume":{"value":"0","bn":"0"}},"0.9126":{"sellVolume":{"value":"0.5265","bn":"0.5265"},"buyVolume":{"value":"1.4881","bn":"1.4881"},"totalVolume":{"value":"2.0146","bn":"2.0146"},"deltaVolume":{"value":"0","bn":"0"}},"0.9123":{"sellVolume":{"value":"0.5269","bn":"0.5269"},"buyVolume":{"value":"0","bn":"0"},"totalVolume":{"value":"0.5269","bn":"0.5269"},"deltaVolume":{"value":"0","bn":"0"}},"0.912":{"sellVolume":{"value":"1.1974","bn":"1.1974"},"buyVolume":{"value":"2030.6788","bn":"2030.6788"},"totalVolume":{"value":"2031.8762","bn":"2031.8762"},"deltaVolume":{"value":"0","bn":"0"}},"0.9121":{"sellVolume":{"value":"0","bn":"0"},"buyVolume":{"value":"51.42","bn":"51.42"},"totalVolume":{"value":"51.42","bn":"51.42"},"deltaVolume":{"value":"0","bn":"0"}},"0.9124":{"sellVolume":{"value":"0","bn":"0"},"buyVolume":{"value":"5.48","bn":"5.48"},"totalVolume":{"value":"5.48","bn":"5.48"},"deltaVolume":{"value":"0","bn":"0"}},"0.9122":{"sellVolume":{"value":"0.1297","bn":"0.1297"},"buyVolume":{"value":"0","bn":"0"},"totalVolume":{"value":"0.1297","bn":"0.1297"},"deltaVolume":{"value":"0","bn":"0"}},"0.9125":{"sellVolume":{"value":"0","bn":"0"},"buyVolume":{"value":"0.4367","bn":"0.4367"},"totalVolume":{"value":"0.4367","bn":"0.4367"},"deltaVolume":{"value":"0","bn":"0"}},"0.9132":{"sellVolume":{"value":"0.8708","bn":"0.8708"},"buyVolume":{"value":"0.5263","bn":"0.5263"},"totalVolume":{"value":"1.3971","bn":"1.3971"},"deltaVolume":{"value":"0","bn":"0"}}},"candleStick":{"firstPrice":{"value":"0.9129","bn":"0.9129"},"lastPrice":{"value":"0.9132","bn":"0.9132"},"lowPrice":{"value":"0","bn":"0"},"highPrice":{"value":"0.9132","bn":"0.9132"}}},"10/31/2022-9:22":{"raw":{"buys":[{"makerOrderId":"635ff627af928700015d0b7f","price":"0.9133","sequence":"426222720012289","side":"buy","size":"375.9388","symbol":"MATIC-USDT","takerOrderId":"635ff62943963f00016278f7","time":"1667233321711000000","tradeId":"426222720012289","type":"match","timestamp":1667233321711},{"makerOrderId":"635ff627af928700015d0b7f","price":"0.9133","sequence":"426222720274433","side":"buy","size":"824.3612","symbol":"MATIC-USDT","takerOrderId":"635ff62904b71f000127427a","time":"1667233321711000000","tradeId":"426222720274433","type":"match","timestamp":1667233321711},{"makerOrderId":"635ff6271280c200016497dc","price":"0.9133","sequence":"426222720274436","side":"buy","size":"730.1126","symbol":"MATIC-USDT","takerOrderId":"635ff62904b71f000127427a","time":"1667233321711000000","tradeId":"426222720274436","type":"match","timestamp":1667233321711},{"makerOrderId":"635ff594fe97f30001ace5bb","price":"0.9136","sequence":"426223824949249","side":"buy","size":"4.4067","symbol":"MATIC-USDT","takerOrderId":"635ff62bcb6be20f4a321e67","time":"1667233323930000000","tradeId":"426223824949249","type":"match","timestamp":1667233323930},{"makerOrderId":"635ff62e5f52390001d35423","price":"0.9138","sequence":"426225258483713","side":"buy","size":"1.8163","symbol":"MATIC-USDT","takerOrderId":"635ff6308b4ee2000126575a","time":"1667233328521000000","tradeId":"426225258483713","type":"match","timestamp":1667233328521},{"makerOrderId":"635ff644af928700015d568d","price":"0.914","sequence":"426230456274945","side":"buy","size":"28.7818","symbol":"MATIC-USDT","takerOrderId":"635ff6458b4ee20001268841","time":"1667233349151000000","tradeId":"426230456274945","type":"match","timestamp":1667233349151},{"makerOrderId":"635ff6455f52390001d38bed","price":"0.914","sequence":"426231303393281","side":"buy","size":"0.4561","symbol":"MATIC-USDT","takerOrderId":"635ff6484a44700f4c524ba9","time":"1667233352630000000","tradeId":"426231303393281","type":"match","timestamp":1667233352630},{"makerOrderId":"635ff647ec417e0001beb9a6","price":"0.914","sequence":"426231303393284","side":"buy","size":"0.1259","symbol":"MATIC-USDT","takerOrderId":"635ff6484a44700f4c524ba9","time":"1667233352630000000","tradeId":"426231303393284","type":"match","timestamp":1667233352630},{"makerOrderId":"635ff647c4c3e100019246d0","price":"0.9141","sequence":"426231319908353","side":"buy","size":"1007.975","symbol":"MATIC-USDT","takerOrderId":"635ff648cb6be20f4a32da7f","time":"1667233352647000000","tradeId":"426231319908353","type":"match","timestamp":1667233352647},{"makerOrderId":"635ff647c4c3e100019246d0","price":"0.9141","sequence":"426231333670913","side":"buy","size":"109.6348","symbol":"MATIC-USDT","takerOrderId":"635ff648b1ae580f49500a2d","time":"1667233352658000000","tradeId":"426231333670913","type":"match","timestamp":1667233352658},{"makerOrderId":"635ff647c4c3e100019246d0","price":"0.9141","sequence":"426231336947713","side":"buy","size":"1736.3488","symbol":"MATIC-USDT","takerOrderId":"635ff648b6f63c0f4855c43e","time":"1667233352661000000","tradeId":"426231336947713","type":"match","timestamp":1667233352661},{"makerOrderId":"635ff647c4c3e100019246d0","price":"0.9141","sequence":"426231345991681","side":"buy","size":"109.6348","symbol":"MATIC-USDT","takerOrderId":"635ff648b1ae580f49500a64","time":"1667233352670000000","tradeId":"426231345991681","type":"match","timestamp":1667233352670},{"makerOrderId":"635ff647c4c3e100019246d0","price":"0.9141","sequence":"426231350972417","side":"buy","size":"109.6348","symbol":"MATIC-USDT","takerOrderId":"635ff648b1ae580f49500a90","time":"1667233352675000000","tradeId":"426231350972417","type":"match","timestamp":1667233352675},{"makerOrderId":"635ff647c4c3e100019246d0","price":"0.9141","sequence":"426231355035649","side":"buy","size":"109.6348","symbol":"MATIC-USDT","takerOrderId":"635ff648cb6be20f4a32db3c","time":"1667233352679000000","tradeId":"426231355035649","type":"match","timestamp":1667233352679},{"makerOrderId":"635ff647c4c3e100019246d0","price":"0.9141","sequence":"426231368011777","side":"buy","size":"109.6348","symbol":"MATIC-USDT","takerOrderId":"635ff648b6f63c0f4855c4de","time":"1667233352691000000","tradeId":"426231368011777","type":"match","timestamp":1667233352691},{"makerOrderId":"635ff6488d0e7a0001ee84f1","price":"0.9141","sequence":"426231386492929","side":"buy","size":"109.6348","symbol":"MATIC-USDT","takerOrderId":"635ff6484a44700f4c524d5f","time":"1667233352715000000","tradeId":"426231386492929","type":"match","timestamp":1667233352715},{"makerOrderId":"635ff648a3b8780001e222dd","price":"0.9142","sequence":"426231420440577","side":"buy","size":"1000","symbol":"MATIC-USDT","takerOrderId":"635ff648cb6be20f4a32dc66","time":"1667233352746000000","tradeId":"426231420440577","type":"match","timestamp":1667233352746},{"makerOrderId":"635ff648a3b8780001e222dd","price":"0.9142","sequence":"426231421751297","side":"buy","size":"2000","symbol":"MATIC-USDT","takerOrderId":"635ff6487162870f46df1f1d","time":"1667233352747000000","tradeId":"426231421751297","type":"match","timestamp":1667233352747},{"makerOrderId":"635ff648a3b8780001e222dd","price":"0.9142","sequence":"426231467233281","side":"buy","size":"109.6348","symbol":"MATIC-USDT","takerOrderId":"635ff648768c1d0f4cd0ca31","time":"1667233352780000000","tradeId":"426231467233281","type":"match","timestamp":1667233352780},{"makerOrderId":"635ff648a3b8780001e222dd","price":"0.9142","sequence":"426231475228673","side":"buy","size":"110.6067","symbol":"MATIC-USDT","takerOrderId":"635ff648b6f63c0f4855c676","time":"1667233352788000000","tradeId":"426231475228673","type":"match","timestamp":1667233352788},{"makerOrderId":"635ff648a3b8780001e222dd","price":"0.9142","sequence":"426231489253377","side":"buy","size":"109.6348","symbol":"MATIC-USDT","takerOrderId":"635ff648cb6be20f4a32dd36","time":"1667233352800000000","tradeId":"426231489253377","type":"match","timestamp":1667233352800},{"makerOrderId":"635ff648a3b8780001e222dd","price":"0.9142","sequence":"426231496200193","side":"buy","size":"109.6348","symbol":"MATIC-USDT","takerOrderId":"635ff648050e000f4d510d3c","time":"1667233352808000000","tradeId":"426231496200193","type":"match","timestamp":1667233352808},{"makerOrderId":"635ff648a3b8780001e222dd","price":"0.9142","sequence":"426231512322049","side":"buy","size":"109.6348","symbol":"MATIC-USDT","takerOrderId":"635ff648768c1d0f4cd0caec","time":"1667233352826000000","tradeId":"426231512322049","type":"match","timestamp":1667233352826},{"makerOrderId":"635ff648a3b8780001e222dd","price":"0.9142","sequence":"426231520579585","side":"buy","size":"109.6348","symbol":"MATIC-USDT","takerOrderId":"635ff6487162870f46df2073","time":"1667233352835000000","tradeId":"426231520579585","type":"match","timestamp":1667233352835},{"makerOrderId":"635ff648af928700015d616c","price":"0.9142","sequence":"426231534473217","side":"buy","size":"109.6348","symbol":"MATIC-USDT","takerOrderId":"635ff648b1ae580f49500d5f","time":"1667233352849000000","tradeId":"426231534473217","type":"match","timestamp":1667233352849},{"makerOrderId":"635fd3f55f523900017c7733","price":"0.9144","sequence":"426231809593345","side":"buy","size":"25.2197","symbol":"MATIC-USDT","takerOrderId":"635ff6493b4e6900013fe9af","time":"1667233353148000000","tradeId":"426231809593345","type":"match","timestamp":1667233353148},{"makerOrderId":"635fd3f76a9dcb000180ccc7","price":"0.9144","sequence":"426231809593348","side":"buy","size":"1.407","symbol":"MATIC-USDT","takerOrderId":"635ff6493b4e6900013fe9af","time":"1667233353148000000","tradeId":"426231809593348","type":"match","timestamp":1667233353148},{"makerOrderId":"635fd3f76a9dcb000180ccd0","price":"0.9144","sequence":"426231809593351","side":"buy","size":"0.5511","symbol":"MATIC-USDT","takerOrderId":"635ff6493b4e6900013fe9af","time":"1667233353148000000","tradeId":"426231809593351","type":"match","timestamp":1667233353148},{"makerOrderId":"635fd3fd5f523900017c9c2f","price":"0.9144","sequence":"426231809593354","side":"buy","size":"2.918","symbol":"MATIC-USDT","takerOrderId":"635ff6493b4e6900013fe9af","time":"1667233353148000000","tradeId":"426231809593354","type":"match","timestamp":1667233353148},{"makerOrderId":"635fd3ff04b71f0001d0a9c5","price":"0.9144","sequence":"426231809593357","side":"buy","size":"0.6168","symbol":"MATIC-USDT","takerOrderId":"635ff6493b4e6900013fe9af","time":"1667233353148000000","tradeId":"426231809593357","type":"match","timestamp":1667233353148},{"makerOrderId":"635fd4004bb4cc00012b8b03","price":"0.9144","sequence":"426231809593360","side":"buy","size":"3.5509","symbol":"MATIC-USDT","takerOrderId":"635ff6493b4e6900013fe9af","time":"1667233353148000000","tradeId":"426231809593360","type":"match","timestamp":1667233353148},{"makerOrderId":"635fd401dd05480001fe65fe","price":"0.9144","sequence":"426231809593363","side":"buy","size":"0.3814","symbol":"MATIC-USDT","takerOrderId":"635ff6493b4e6900013fe9af","time":"1667233353148000000","tradeId":"426231809593363","type":"match","timestamp":1667233353148},{"makerOrderId":"635fd402dd05480001fe67dd","price":"0.9144","sequence":"426231809593366","side":"buy","size":"0.6367","symbol":"MATIC-USDT","takerOrderId":"635ff6493b4e6900013fe9af","time":"1667233353148000000","tradeId":"426231809593366","type":"match","timestamp":1667233353148},{"makerOrderId":"635fd402a3b87800018b4d66","price":"0.9144","sequence":"426231809593369","side":"buy","size":"0.338","symbol":"MATIC-USDT","takerOrderId":"635ff6493b4e6900013fe9af","time":"1667233353148000000","tradeId":"426231809593369","type":"match","timestamp":1667233353148},{"makerOrderId":"635fd4028bcb0f0001eaa1e5","price":"0.9144","sequence":"426231809593372","side":"buy","size":"1.6586","symbol":"MATIC-USDT","takerOrderId":"635ff6493b4e6900013fe9af","time":"1667233353148000000","tradeId":"426231809593372","type":"match","timestamp":1667233353148},{"makerOrderId":"635fd403ec417e000167e8aa","price":"0.9144","sequence":"426231809593375","side":"buy","size":"0.444","symbol":"MATIC-USDT","takerOrderId":"635ff6493b4e6900013fe9af","time":"1667233353148000000","tradeId":"426231809593375","type":"match","timestamp":1667233353148},{"makerOrderId":"635fd4035f523900017cb505","price":"0.9144","sequence":"426231809593378","side":"buy","size":"3.6004","symbol":"MATIC-USDT","takerOrderId":"635ff6493b4e6900013fe9af","time":"1667233353148000000","tradeId":"426231809593378","type":"match","timestamp":1667233353148},{"makerOrderId":"635fd4046a9dcb00018106b5","price":"0.9144","sequence":"426231809593381","side":"buy","size":"2.7861","symbol":"MATIC-USDT","takerOrderId":"635ff6493b4e6900013fe9af","time":"1667233353148000000","tradeId":"426231809593381","type":"match","timestamp":1667233353148},{"makerOrderId":"635fd4185f523900017d00c8","price":"0.9144","sequence":"426231809593384","side":"buy","size":"1.576","symbol":"MATIC-USDT","takerOrderId":"635ff6493b4e6900013fe9af","time":"1667233353148000000","tradeId":"426231809593384","type":"match","timestamp":1667233353148},{"makerOrderId":"635fd4199299490001112e99","price":"0.9144","sequence":"426231809593387","side":"buy","size":"8.3915","symbol":"MATIC-USDT","takerOrderId":"635ff6493b4e6900013fe9af","time":"1667233353148000000","tradeId":"426231809593387","type":"match","timestamp":1667233353148},{"makerOrderId":"635fd41a4bb4cc00012be713","price":"0.9144","sequence":"426231809593390","side":"buy","size":"1.2831","symbol":"MATIC-USDT","takerOrderId":"635ff6493b4e6900013fe9af","time":"1667233353148000000","tradeId":"426231809593390","type":"match","timestamp":1667233353148},{"makerOrderId":"635fd450f2c2e90001051ccb","price":"0.9144","sequence":"426231809593393","side":"buy","size":"2.4258","symbol":"MATIC-USDT","takerOrderId":"635ff6493b4e6900013fe9af","time":"1667233353148000000","tradeId":"426231809593393","type":"match","timestamp":1667233353148},{"makerOrderId":"635fd4538bcb0f0001ebb37e","price":"0.9144","sequence":"426231809593396","side":"buy","size":"0.4551","symbol":"MATIC-USDT","takerOrderId":"635ff6493b4e6900013fe9af","time":"1667233353148000000","tradeId":"426231809593396","type":"match","timestamp":1667233353148},{"makerOrderId":"635fd45343963f00010d0292","price":"0.9144","sequence":"426231809593399","side":"buy","size":"1.971","symbol":"MATIC-USDT","takerOrderId":"635ff6493b4e6900013fe9af","time":"1667233353148000000","tradeId":"426231809593399","type":"match","timestamp":1667233353148},{"makerOrderId":"635fd456929949000111fb8d","price":"0.9144","sequence":"426231809593402","side":"buy","size":"5.898","symbol":"MATIC-USDT","takerOrderId":"635ff6493b4e6900013fe9af","time":"1667233353148000000","tradeId":"426231809593402","type":"match","timestamp":1667233353148},{"makerOrderId":"635fd4784bb4cc00012d1bdc","price":"0.9144","sequence":"426231809593405","side":"buy","size":"0.3286","symbol":"MATIC-USDT","takerOrderId":"635ff6493b4e6900013fe9af","time":"1667233353148000000","tradeId":"426231809593405","type":"match","timestamp":1667233353148},{"makerOrderId":"635fd4b0c4c3e100013dc146","price":"0.9144","sequence":"426231809593408","side":"buy","size":"0.6455","symbol":"MATIC-USDT","takerOrderId":"635ff6493b4e6900013fe9af","time":"1667233353148000000","tradeId":"426231809593408","type":"match","timestamp":1667233353148},{"makerOrderId":"635fd4d043963f00010eeea4","price":"0.9144","sequence":"426231809593411","side":"buy","size":"28.2693","symbol":"MATIC-USDT","takerOrderId":"635ff6493b4e6900013fe9af","time":"1667233353148000000","tradeId":"426231809593411","type":"match","timestamp":1667233353148},{"makerOrderId":"635fd4f9ec417e00016bb7ca","price":"0.9144","sequence":"426231809593414","side":"buy","size":"0.5545","symbol":"MATIC-USDT","takerOrderId":"635ff6493b4e6900013fe9af","time":"1667233353148000000","tradeId":"426231809593414","type":"match","timestamp":1667233353148},{"makerOrderId":"635ff60d8b4ee2000126079a","price":"0.9144","sequence":"426231809593417","side":"buy","size":"12.7848","symbol":"MATIC-USDT","takerOrderId":"635ff6493b4e6900013fe9af","time":"1667233353148000000","tradeId":"426231809593417","type":"match","timestamp":1667233353148},{"makerOrderId":"635ff649b791bc0001020f35","price":"0.9143","sequence":"426232362061825","side":"buy","size":"28.4232","symbol":"MATIC-USDT","takerOrderId":"635ff64a5f52390001d39d0d","time":"1667233354181000000","tradeId":"426232362061825","type":"match","timestamp":1667233354181},{"makerOrderId":"635ff652af928700015d8103","price":"0.914","sequence":"426236615872513","side":"buy","size":"0.8703","symbol":"MATIC-USDT","takerOrderId":"635ff6564bb4cc0001829ebb","time":"1667233366484000000","tradeId":"426236615872513","type":"match","timestamp":1667233366484},{"makerOrderId":"635ff656f2c2e900015b01cb","price":"0.9143","sequence":"426237471641601","side":"buy","size":"32.8119","symbol":"MATIC-USDT","takerOrderId":"635ff658dd0548000155842d","time":"1667233368742000000","tradeId":"426237471641601","type":"match","timestamp":1667233368742}],"sells":[{"makerOrderId":"635ff629768c1d0f4ccff5de","price":"0.9135","sequence":"426222999851009","side":"sell","size":"0.2086","symbol":"MATIC-USDT","takerOrderId":"635ff6291280c20001649e92","time":"1667233321979000000","tradeId":"426222999851009","type":"match","timestamp":1667233321979},{"makerOrderId":"635ff62cb791bc000101c23b","price":"0.9138","sequence":"426223995473921","side":"sell","size":"1870.6834","symbol":"MATIC-USDT","takerOrderId":"635ff62c5735690f4caa0254","time":"1667233324415000000","tradeId":"426223995473921","type":"match","timestamp":1667233324415},{"makerOrderId":"635ff6490da44100011a5d1b","price":"0.9144","sequence":"426231904096257","side":"sell","size":"6.3806","symbol":"MATIC-USDT","takerOrderId":"635ff649f2c2e900015ad6a5","time":"1667233353300000000","tradeId":"426231904096257","type":"match","timestamp":1667233353300},{"makerOrderId":"635ff649b1ae580f495010cd","price":"0.9143","sequence":"426232003055617","side":"sell","size":"1266.6048","symbol":"MATIC-USDT","takerOrderId":"635ff649a3b8780001e22a82","time":"1667233353464000000","tradeId":"426232003055617","type":"match","timestamp":1667233353464},{"makerOrderId":"635ff64b3b4e6900013ff50a","price":"0.9142","sequence":"426233812111361","side":"sell","size":"0.781","symbol":"MATIC-USDT","takerOrderId":"635ff64e1dd1970001b08da6","time":"1667233358676000000","tradeId":"426233812111361","type":"match","timestamp":1667233358676},{"makerOrderId":"635ff64f0da44100011a7110","price":"0.9142","sequence":"426234149359617","side":"sell","size":"3586.601","symbol":"MATIC-USDT","takerOrderId":"635ff64f6a9dcb0001d7ea8a","time":"1667233359907000000","tradeId":"426234149359617","type":"match","timestamp":1667233359907},{"makerOrderId":"635ff64baf928700015d6d17","price":"0.914","sequence":"426234198904833","side":"sell","size":"0.8703","symbol":"MATIC-USDT","takerOrderId":"635ff64f3b4e69000140002a","time":"1667233359959000000","tradeId":"426234198904833","type":"match","timestamp":1667233359959},{"makerOrderId":"635ff64c1dd1970001b089ed","price":"0.9139","sequence":"426234198904836","side":"sell","size":"34.9996","symbol":"MATIC-USDT","takerOrderId":"635ff64f3b4e69000140002a","time":"1667233359959000000","tradeId":"426234198904836","type":"match","timestamp":1667233359959},{"makerOrderId":"635ff648cb6be20f4a32db8a","price":"0.9138","sequence":"426234198904839","side":"sell","size":"19.9605","symbol":"MATIC-USDT","takerOrderId":"635ff64f3b4e69000140002a","time":"1667233359959000000","tradeId":"426234198904839","type":"match","timestamp":1667233359959},{"makerOrderId":"635ff657929949000167f089","price":"0.914","sequence":"426238777905153","side":"sell","size":"0.8703","symbol":"MATIC-USDT","takerOrderId":"635ff65eb1ae580f4950b0f1","time":"1667233374367000000","tradeId":"426238777905153","type":"match","timestamp":1667233374367},{"makerOrderId":"635ff661c4c3e100019292e7","price":"0.9138","sequence":"426240042618881","side":"sell","size":"1668.8918","symbol":"MATIC-USDT","takerOrderId":"635ff66243963f00016311a0","time":"1667233378318000000","tradeId":"426240042618881","type":"match","timestamp":1667233378318}]},"footprint":{"totals":{"buyVolume":{"value":"9307.3448","bn":"9307.3448"},"sellVolume":{"value":"8456.8519","bn":"8456.8519"},"deltaVolume":{"value":"850.4929","bn":"850.4929"},"totalVolume":{"value":"17764.1967","bn":"17764.1967"}},"0.9133":{"sellVolume":{"value":"0","bn":"0"},"buyVolume":{"value":"1930.4126","bn":"1930.4126"},"totalVolume":{"value":"1930.4126","bn":"1930.4126"},"deltaVolume":{"value":"0","bn":"0"}},"0.9135":{"sellVolume":{"value":"0.2086","bn":"0.2086"},"buyVolume":{"value":"0","bn":"0"},"totalVolume":{"value":"0.2086","bn":"0.2086"},"deltaVolume":{"value":"0","bn":"0"}},"0.9136":{"sellVolume":{"value":"0","bn":"0"},"buyVolume":{"value":"4.4067","bn":"4.4067"},"totalVolume":{"value":"4.4067","bn":"4.4067"},"deltaVolume":{"value":"0","bn":"0"}},"0.9138":{"sellVolume":{"value":"3559.5357","bn":"3559.5357"},"buyVolume":{"value":"1.8163","bn":"1.8163"},"totalVolume":{"value":"3561.352","bn":"3561.352"},"deltaVolume":{"value":"0","bn":"0"}},"0.914":{"sellVolume":{"value":"1.7406","bn":"1.7406"},"buyVolume":{"value":"30.2341","bn":"30.2341"},"totalVolume":{"value":"31.9747","bn":"31.9747"},"deltaVolume":{"value":"0","bn":"0"}},"0.9141":{"sellVolume":{"value":"0","bn":"0"},"buyVolume":{"value":"3402.1326","bn":"3402.1326"},"totalVolume":{"value":"3402.1326","bn":"3402.1326"},"deltaVolume":{"value":"0","bn":"0"}},"0.9142":{"sellVolume":{"value":"3587.382","bn":"3587.382"},"buyVolume":{"value":"3768.4155","bn":"3768.4155"},"totalVolume":{"value":"7355.7975","bn":"7355.7975"},"deltaVolume":{"value":"0","bn":"0"}},"0.9144":{"sellVolume":{"value":"6.3806","bn":"6.3806"},"buyVolume":{"value":"108.6919","bn":"108.6919"},"totalVolume":{"value":"115.0725","bn":"115.0725"},"deltaVolume":{"value":"0","bn":"0"}},"0.9143":{"sellVolume":{"value":"1266.6048","bn":"1266.6048"},"buyVolume":{"value":"61.2351","bn":"61.2351"},"totalVolume":{"value":"1327.8399","bn":"1327.8399"},"deltaVolume":{"value":"0","bn":"0"}},"0.9139":{"sellVolume":{"value":"34.9996","bn":"34.9996"},"buyVolume":{"value":"0","bn":"0"},"totalVolume":{"value":"34.9996","bn":"34.9996"},"deltaVolume":{"value":"0","bn":"0"}}},"candleStick":{"firstPrice":{"value":"0.9133","bn":"0.9133"},"lastPrice":{"value":"0.9138","bn":"0.9138"},"lowPrice":{"value":"0","bn":"0"},"highPrice":{"value":"0.9144","bn":"0.9144"}}},"10/31/2022-9:23":{"raw":{"buys":[{"makerOrderId":"635ff669768c1d0f4cd1c5bd","price":"0.913","sequence":"426242082230273","side":"buy","size":"0.3295","symbol":"MATIC-USDT","takerOrderId":"635ff6696a9dcb0001d82ba0","time":"1667233385387000000","tradeId":"426242082230273","type":"match","timestamp":1667233385387},{"makerOrderId":"635ff669768c1d0f4cd1c5bd","price":"0.913","sequence":"426242101235713","side":"buy","size":"22.4561","symbol":"MATIC-USDT","takerOrderId":"635ff6695f52390001d3efe9","time":"1667233385422000000","tradeId":"426242101235713","type":"match","timestamp":1667233385422},{"makerOrderId":"635ff67553b87b0001127602","price":"0.9124","sequence":"426245562454017","side":"buy","size":"313.6234","symbol":"MATIC-USDT","takerOrderId":"635ff6751280c20001656657","time":"1667233397804000000","tradeId":"426245562454017","type":"match","timestamp":1667233397804},{"makerOrderId":"635ff66e9299490001682a73","price":"0.9125","sequence":"426245660233729","side":"buy","size":"0.8713","symbol":"MATIC-USDT","takerOrderId":"635ff67503dfb50f5425befe","time":"1667233397939000000","tradeId":"426245660233729","type":"match","timestamp":1667233397939},{"makerOrderId":"635ff6766a9dcb0001d84da5","price":"0.9123","sequence":"426246106140673","side":"buy","size":"0.1117","symbol":"MATIC-USDT","takerOrderId":"635ff677ec417e0001bf3c3c","time":"1667233399136000000","tradeId":"426246106140673","type":"match","timestamp":1667233399136},{"makerOrderId":"635ff67b050e000f4d527b1a","price":"0.9121","sequence":"426247282380801","side":"buy","size":"0.1477","symbol":"MATIC-USDT","takerOrderId":"635ff67b8d0e7a0001ef0dad","time":"1667233403813000000","tradeId":"426247282380801","type":"match","timestamp":1667233403813},{"makerOrderId":"635ff67f3b4e690001407945","price":"0.912","sequence":"426248632553473","side":"buy","size":"56.5377","symbol":"MATIC-USDT","takerOrderId":"635ff6808bcb0f0001421249","time":"1667233408583000000","tradeId":"426248632553473","type":"match","timestamp":1667233408583},{"makerOrderId":"635ff6925735690f4caca3dd","price":"0.9116","sequence":"426252294705153","side":"buy","size":"841.5633","symbol":"MATIC-USDT","takerOrderId":"635ff6921280c2000165a2aa","time":"1667233426184000000","tradeId":"426252294705153","type":"match","timestamp":1667233426184},{"makerOrderId":"635ff694dd05480001560ace","price":"0.9115","sequence":"426253908463617","side":"buy","size":"286.8938","symbol":"MATIC-USDT","takerOrderId":"635ff699768c1d0f4cd2d873","time":"1667233433374000000","tradeId":"426253908463617","type":"match","timestamp":1667233433374},{"makerOrderId":"635ff68ea3b8780001e2d410","price":"0.9117","sequence":"426253947129857","side":"buy","size":"305.4897","symbol":"MATIC-USDT","takerOrderId":"635ff6998bcb0f000142445e","time":"1667233433453000000","tradeId":"426253947129857","type":"match","timestamp":1667233433453}],"sells":[{"makerOrderId":"635ff663c4c3e10001929846","price":"0.9139","sequence":"426240601903105","side":"sell","size":"1100","symbol":"MATIC-USDT","takerOrderId":"635ff6641280c20001653a3e","time":"1667233380833000000","tradeId":"426240601903105","type":"match","timestamp":1667233380833},{"makerOrderId":"635ff660af928700015da40d","price":"0.9137","sequence":"426241344557057","side":"sell","size":"0.5256","symbol":"MATIC-USDT","takerOrderId":"635ff667cb6be20f4a33c632","time":"1667233383304000000","tradeId":"426241344557057","type":"match","timestamp":1667233383304},{"makerOrderId":"635ff66b4bb4cc000182d262","price":"0.9125","sequence":"426243598864385","side":"sell","size":"2.106","symbol":"MATIC-USDT","takerOrderId":"635ff66d768c1d0f4cd1e4a1","time":"1667233389299000000","tradeId":"426243598864385","type":"match","timestamp":1667233389299},{"makerOrderId":"635ff66d8d0e7a0001eeebca","price":"0.9123","sequence":"426244543762433","side":"sell","size":"0.3552","symbol":"MATIC-USDT","takerOrderId":"635ff6711280c20001655cb0","time":"1667233393567000000","tradeId":"426244543762433","type":"match","timestamp":1667233393567},{"makerOrderId":"635ff67653b87b00011279c6","price":"0.9122","sequence":"426246023958529","side":"sell","size":"100","symbol":"MATIC-USDT","takerOrderId":"635ff6765f52390001d413c3","time":"1667233398956000000","tradeId":"426246023958529","type":"match","timestamp":1667233398956},{"makerOrderId":"635ff676a3b8780001e2a28f","price":"0.9122","sequence":"426246983798785","side":"sell","size":"21.8","symbol":"MATIC-USDT","takerOrderId":"635ff67a9299490001684704","time":"1667233402607000000","tradeId":"426246983798785","type":"match","timestamp":1667233402607},{"makerOrderId":"635ff679a3b8780001e2a90a","price":"0.9122","sequence":"426247247777793","side":"sell","size":"1.3983","symbol":"MATIC-USDT","takerOrderId":"635ff67b04b71f0001281cab","time":"1667233403727000000","tradeId":"426247247777793","type":"match","timestamp":1667233403727},{"makerOrderId":"635ff67dc4c3e1000192d87d","price":"0.9119","sequence":"426250508062721","side":"sell","size":"0.5271","symbol":"MATIC-USDT","takerOrderId":"635ff68804b71f0001283852","time":"1667233416565000000","tradeId":"426250508062721","type":"match","timestamp":1667233416565}